2642 3872
193 191 259 256 290
328 192 477 244 ΗΡΩΝΟΣ
496 188 760 251 ΑΛΕΞΑΝΔΡΕΩΣ
779 194 866 244 ΠΕΡΙ
883 193 1065 244 ΔΙΟΠΤΡΑΣ

99 386 119 421 υ.
134 376 174 414 ωο
192 353 313 438 ταχέως
331 354 521 440 ἠρεμοῦσιν,
540 353 623 421 ἀλλά
641 357 764 441 χρόνον
781 355 856 420 τινα
876 349 1069 438 διαμένουσι
1086 355 1205 419 κινού-

49 3434 125 3457 Δ

191 484 303 545 μεναι,
331 459 385 525 καὶ
413 461 554 545 μάλιστα
581 462 661 544 ὅταν
689 461 835 548 σφοδρὸς
861 462 981 544 ἄνεμος
1006 457 1099 546 πνέη.
1142 461 1202 525 διὸ

191 571 372 653 πειρῶνταί
401 590 503 652 τινες,
536 571 765 653 παραβοηθεῖν
796 569 994 652 βουλόμενοι
1024 566 1126 652 ταύτη
1158 577 1203 653 τῇ

192 674 404 760 ὃνσχρηστίηι,
427 673 562 753 ξυλίνας
585 675 744 760 σύριγγας
765 677 878 751 κοίλας
895 682 1078 757 ποιοῦντες,
1102 672 1202 758 έμβα-

191 785 263 845 λεῖν
290 781 330 844 τά
358 781 444 867 βάρη
471 782 519 857 είς
545 782 679 864 ταύτας,
708 782 790 847 ὥστε
817 781 860 865 μη
888 780 953 846 ὑπὸ
985 789 1045 845 τοῦ
1074 777 1201 862 ἀνέμου
1231 803 1247 844 5

191 885 381 951 τύπτεσθαι.
427 891 656 973 παρατρίψεως
688 882 751 953 οὖν
781 885 957 972 γινομένης
988 897 1056 952 τῶν
1086 889 1202 970 βαρῶν

190 994 275 1079 πρὸς
308 995 366 1069 τὰς
397 994 556 1080 σύριγγας
591 993 651 1058 ούκ
686 993 830 1080 ἀκριβῶς
860 994 895 1058 αί
927 993 1067 1079 σπύρτοι
1098 989 1202 1077 ὀρθαὶ

193 1098 408 1184 διαμένουσιν
430 1101 513 1186 πρὸς
535 1101 595 1165 τὸν
613 1100 777 1187 ὁρίζοντα·
801 1103 849 1165 ἔτι
872 1095 909 1164 δὲ
931 1097 986 1164 καὶ
1009 1099 1068 1164 ἐὰν
1090 1097 1201 1163 ἐπιτύ-

192 1223 305 1289 χωσιν,
329 1208 412 1271 ὥστε
434 1209 491 1283 τάς
515 1207 659 1293 σπάρτας
676 1208 811 1293 ἠρεμεῖν
832 1204 887 1272 καί
906 1206 1012 1292 ὀρθὰς
1030 1203 1200 1290 διαμένειν

192 1313 275 1399 πρὸς
302 1313 361 1377 τὸν
388 1311 553 1398 ὁρίζοντα,
581 1313 622 1379 ού
648 1314 779 1389 πάντως
805 1313 845 1377 τὰ
873 1313 929 1377 δια
955 1323 1022 1378 τῶν
1046 1313 1200 1398 σπαρταν
1215 1335 1245 1376 10

193 1418 331 1484 ἐπίπεδα
357 1419 440 1504 πρὸς
470 1417 576 1503 ὀρθὰς
603 1423 730 1502 γίνεται
757 1417 925 1501 ἀλληλοις·
952 1419 1073 1484 τούτου
1095 1414 1133 1484 δέ
1154 1420 1199 1502 μὴ

191 1524 385 1610 γινομένου,
423 1523 493 1590 οὐδ’
535 1524 647 1602 αὐτοῖς
682 1526 764 1590 κατὰ
796 1526 922 1610 τρόπον
953 1524 1132 1590 ἀκολουθεῖ
1167 1549 1201 1590 τι

192 1641 259 1696 τῶν
281 1655 317 1696 εν
337 1655 362 1695 ω
382 1614 583 1716 ερουμενων·
606 1641 704 1697 τοῦτο
726 1633 790 1718 γὰρ
813 1630 971 1717 δείξομεν.
1012 1631 1200 1716 ἒστω<σαν>

192 1739 255 1824 γὰρ
287 1737 324 1802 ἐν
354 1736 496 1825 ἐπιπέδῳ
526 1738 588 1804 δύο
618 1737 747 1803 εὐθεῖαι
774 1738 809 1802 αἱ
832 1741 912 1821 ΑΒ,
942 1739 1022 1821 ΓΔ,
1051 1738 1095 1822 μη
1117 1740 1200 1824 πρὸς

193 1845 298 1931 ὀρθὰς
313 1843 456 1926 ἀλλήλας
469 1841 659 1929 τέμνουσαι·
678 1843 817 1928 ἀμβλεῖα
831 1839 868 1908 ἀὲ
886 1847 967 1909 έστω
981 1843 1002 1926 ἡ
1016 1844 1081 1909 ὑπὸ
1097 1849 1200 1910 ΑΕΔ
1215 1867 1244 1908 ιο

193 1955 310 2034 γωνία·
333 1948 387 2014 καὶ
411 1949 475 2016 ἀπὸ
499 1959 559 2015 τοῦ
582 1955 614 2016 Ε
634 1958 680 2038 τῷ
701 1951 758 2014 διὰ
780 1961 847 2016 τῶν
869 1953 945 2033 ΑΒ,
969 1953 1035 2015 ΓΔ
1058 1949 1199 2016 έπιπέύι

194 2059 278 2144 πρὸς
301 2057 406 2144 ὀρθὰς
429 2055 594 2122 ἀνεστάτω
621 2056 642 2139 ἡ
666 2060 742 2120 ΕΖ·
769 2054 824 2120 καὶ
852 2058 936 2142 πρὸς
958 2054 1114 2143 ἑκατέραν
1136 2059 1200 2144 ἀρα

193 2174 260 2228 τῶν
280 2168 356 2246 ΑΕ,
379 2166 452 2247 ΕΓ,
475 2163 563 2248 ὀρθή
582 2161 680 2227 ἐστιν.
716 2161 736 2245 η
756 2158 793 2227 δὲ
813 2163 878 2228 ὑπὸ
898 2174 965 2228 τῶν
983 2167 1059 2247 ΑΕ,
1083 2168 1200 2248 <Ε>Γ,

193 2273 299 2352 γωνία
321 2269 342 2352 ἡ
365 2272 472 2345 κλίσις
491 2267 590 2352 ἐστίν,
609 2267 645 2334 έν
668 2260 689 2355 ᾗ
711 2268 854 2335 κέκλιται
877 2270 914 2334 τὸ
938 2270 994 2334 ύιά
1015 2279 1083 2334 τῶν
1101 2275 1166 2334 ΕΑ
1173 2273 1201 2335 Ζ

193 2377 277 2461 πρὸς
304 2377 341 2440 τὸ
369 2377 425 2440 διὰ
452 2386 519 2440 τῶν
551 2377 661 2458 ΓΕΖ,
692 2373 747 2440 καὶ
779 2378 869 2440 ἔστιν
896 2373 996 2453 ὀξεῖα·
1024 2376 1064 2440 τά
1095 2371 1199 2459 (οὖν)
1215 2398 1243 2438 εο

195 2481 350 2568 εἰρημένα
373 2481 510 2546 έπίτιεάα
533 2481 594 2546 ούκ
607 2479 698 2545 ἐστιν
711 2480 799 2566 ὀρθὰ
811 2481 895 2566 πρὸς
908 2482 1041 2564 ἀλληλα
1069 2480 1200 2566 ἀπειλή»

195 2597 339 2674 φθωσαν
362 2583 425 2653 οὖν
446 2587 509 2652 δύο
533 2593 602 2652 ίσαι
624 2587 753 2652 εὐθεῖαι
776 2589 810 2652 αἱ
833 2591 913 2671 ΑΕ,
943 2592 1025 2670 ΕΔ,
1052 2586 1107 2653 καὶ
1131 2587 1201 2654 έπε-

196 2696 323 2780 ζεύχθω
341 2695 362 2778 ἡ
380 2699 462 2758 ΑΔ·
485 2692 540 2758 καὶ
559 2691 606 2759 ἐπ’
635 2693 738 2778 αὐτὴν
760 2694 900 2769 κάθετος
924 2695 1017 2777 ἤχθω
1036 2693 1056 2777 η
1077 2694 1200 2778 <Ε>Η·

197 2808 250 2887 ίση
288 2803 352 2887 ἀρα
387 2798 441 2865 καὶ
472 2800 492 2884 η
525 2804 603 2865 ΑΗ
629 2811 668 2887 τῇ
704 2803 793 2865 ΗΔ·
829 2799 884 2865 καὶ
920 2799 1056 2887 ἑκατέρα
1091 2797 1202 2866 αὐτῶν

197 2913 315 2995 μείζων
345 2906 413 2974 ἐστὶ
442 2913 499 2990 τῆς
529 2911 611 2973 ΗΕ·
639 2909 783 2973 δυνατὸν
810 2909 874 2993 ἀρα
903 2906 971 2973 ἐστὶ
1000 2911 1201 2994 προσβαλεῖν
1215 2929 1244 2970 25

198 3015 261 3081 ἀπὸ
297 3024 356 3080 τοῦ
390 3018 427 3078 Η
455 3020 531 3097 ίσην
562 3023 600 3099 τη
633 3017 708 3078 ΑΗ
739 3013 800 3096 τὴν
831 3017 909 3078 ΗΖ.
962 3015 1201 3100 προσεκβεβλή-

198 3129 336 3187 σθωσαν
362 3119 417 3186 καὶ
440 3119 687 3203 ἐπεζεύχθωσαν
713 3118 766 3184 έπλ
788 3121 829 3185 τά
850 3123 897 3204 Κ,
925 3124 970 3204 A,
996 3119 1050 3186 καὶ
1073 3130 1111 3207 τῇ
1134 3126 1166 3184 Α
1173 3123 1201 3185 Ζ

271 3427 285 3473 1
318 3438 420 3489 γρονον
451 3439 487 3488 ην
514 3416 716 3490 ἀναμένουσαιε
749 3418 867 3484 eorrexi3
900 3437 941 3485 χρ,
968 3413 1138 3486 ἀναμένουσι
1164 3417 1200 3470 Ἦ

234 3497 252 3544 4
270 3493 430 3560 δυσχριστία
485 3495 519 3544 13
538 3489 603 3544 ἀνῶ
623 3487 792 3560 ερουμένωνε
810 3504 866 3540 non
885 3487 1028 3553 extricavi3
1048 3483 1200 3557 ἐρευνωμέ-

204 3582 256 3616 νων
270 3562 307 3615 Vi
344 3567 377 3616 20
392 3563 461 3632 πρὸς
474 3570 511 3616 τῶ
548 3567 582 3616 24
596 3564 695 3632 μείζων
709 3577 742 3614 ex
756 3561 848 3629 μείζον
861 3557 914 3612 fec.
928 3563 994 3614 m.1
1031 3561 1065 3610 25
1079 3563 1200 3627 προσλα-
