2654 3868
176 185 241 249 226
311 185 461 239 muoz*
479 180 747 243 ΑΛΕΞΑΝΔΡΕΩΣ
765 184 853 236 ΠΕΡΙ
870 184 1054 236 ΔΙΟΠΤΡΑΣ

80 351 295 430 p.21se”6v026a
321 347 383 429 τὴν
410 347 572 433 διόττραν
594 347 678 432 πρὸς
700 353 747 433 τῷ
771 348 803 410 Γ
821 342 876 410 καὶ
899 347 1021 428 ἔλαβον
1042 351 1100 427 τῆς
1122 349 1154 407 Α
1161 347 1199 407 Γ

174 453 274 540 μέρος
291 453 376 537 <τι>,
394 453 456 536 την
474 453 516 536 δη
535 456 612 536 ΓΔ,
631 451 679 517 ἐπ’
699 452 833 528 εὐθείας
850 461 890 536 τη
910 456 942 514 Α
947 454 979 516 Γ
993 447 1047 516 καὶ
1066 449 1191 534 ὁμοίως

174 569 232 643 της
255 562 322 624 ΒΓ
344 561 381 624 τὸ
410 559 490 624 αὐτὸ
513 557 613 645 μέρος
635 560 696 642 τὴν
719 561 796 644 ΓΕ,
823 555 872 622 ἐπ’
896 557 1030 631 εὐθείας
1052 565 1091 641 τῇ
1116 558 1190 620 ΒΓ.

173 1464 263 1527 ἔσται
292 1463 333 1545 δὴ
358 1460 414 1528 καὶ
435 1462 456 1546 ἡ
480 1467 548 1528 ΕΔ
569 1464 608 1528 τὸ
631 1462 712 1528 αὐτὸ
735 1461 834 1549 μέρος
857 1472 914 1547 τῆς
938 1466 1003 1527 ΑΒ
1026 1460 1082 1527 καὶ
1104 1455 1187 1549 παρ-

173 1569 315 1651 οίῖῖηῖος
342 1567 434 1656 αὐτῇ.
484 1569 632 1635 δυνατὸν
657 1566 696 1636 δὲ
721 1579 881 1655 μετρῆσαι
907 1570 969 1652 τὴν
996 1573 1076 1634 ΔΕ·
1103 1569 1187 1634 ὥστε
1216 1586 1233 1627 5

173 1673 307 1760 εὐρηται
329 1683 388 1758 τῆς
410 1678 476 1739 AB
499 1674 520 1758 ἡ
543 1674 640 1752 θέσις
661 1674 716 1741 καὶ
738 1677 776 1740 τὸ
800 1674 951 1759 μέγεθος.

240 1805 281 1845 ια.
310 1784 356 1866 Ίζη
376 1781 515 1868 δοθείσῃ
531 1782 648 1868 εὐθείᾳ
666 1783 750 1869 πρὸς
768 1781 874 1867 ὀρθὰς
887 1780 1026 1863 ἀγαγεῖν
1044 1779 1108 1846 ἀπὸ
1126 1790 1187 1847 τοῦ

172 1885 312 1972 πέρατος
335 1887 446 1971 αὐτῆς,
469 1889 514 1972 μὴ
532 1891 798 1974 κροσεγγίσαντα
815 1891 896 1973 μήτε
914 1897 953 1972 τῇ
973 1886 1090 1973 εὐθείᾳ
1107 1889 1188 1971 μήτε

172 2001 217 2078 τῷ
241 1991 366 2078 πέρατι.
412 1996 493 2059 ἔστω
516 1994 537 2078 ἡ
560 1990 622 2078 μὲν
650 1996 790 2060 δοθεῖσα
818 1994 934 2059 εὐθεῖα
961 1993 981 2076 ἡ
1005 1991 1059 2058 ἐπὶ
1081 1995 1122 2059 τὰ
1144 1995 1187 2076 A,¹
1229 2045 1233 2077 ,ε

173 2102 201 2163 Β
216 2109 334 2182 σημεῖα
352 2098 622 2184 ἐπιζευγνυμένη·
642 2098 699 2184 ἀφ’
723 2096 764 2167 οὐ
784 2097 821 2166 δέ
838 2101 890 2166 δεῖ
908 2100 970 2183 τὴν
983 2101 1066 2186 πρὸς
1081 2098 1187 2182 ὀρθὰς
1202 2118 1233 2158 10

78 2230 100 2266 ο.
115 2220 155 2260 εει
173 2202 340 2287 ἀγομένην
367 2205 493 2291 εὑρεῖν,
521 2208 603 2271 ἔστω
631 2207 669 2271 τὸ
693 2212 732 2270 Α.
778 2207 934 2292 εὐρησθω
961 2204 982 2288 ἡ
1009 2204 1105 2282 θέσις
1128 2213 1187 2289 τῆς

172 2315 204 2373 Α
210 2312 239 2373 Β
263 2308 300 2374 ἐν
318 2320 388 2386 τοῖς
405 2311 489 2396 πρὸς
507 2310 592 2395 ημᾶς
609 2314 735 2395 τόποις,
758 2312 803 2388 ὡς
826 2311 1007 2396 ἐμάθομεν·
1030 2309 1085 2377 καί
1103 2314 1186 2376 ἔστω

172 2414 192 2498 η
217 2418 284 2480 ΓΔ
306 2415 431 2482 εὐθεῖα.
466 2418 605 2503 τιαροίγεο
629 2413 692 2484 οὐν
715 2420 775 2502 τὴν
793 2419 957 2505 διόκτραν
975 2415 1028 2483 ἐπὶ
1042 2427 1100 2502 τῆς
1119 2420 1186 2482 ΓΔ

172 2520 307 2598 εὐθείας
329 2522 496 2609 διατηρῶν
518 2525 578 2588 τὸν
595 2526 721 2589 κανόνα
739 2522 791 2590 ἀεὶ
810 2523 1040 2609 ἀποβλέποντα
1064 2527 1186 2611 σημείςο
1228 2515 1231 2520 ’

171 2624 240 2692 τινὶ
266 2638 335 2693 τῶν
363 2627 416 2694 έκὶ
442 2638 501 2713 της
524 2633 601 2714 ΓΔ,
629 2633 724 2717 ὐχρις
747 2629 789 2696 ἂν
812 2628 1026 2717 ἐπιστραφείς
1049 2628 1102 2695 ἐπὶ
1125 2631 1187 2714 τὴν
1201 2648 1232 2689 1⁵

171 2734 254 2819 πρὸς
277 2733 384 2820 ὀρθὰς
405 2734 505 2801 θέσιν
524 2738 580 2824 ῖδη
603 2737 640 2802 τὸ
665 2743 697 2801 Α
720 2747 864 2821 σημεῖον.
901 2735 1060 2822 τετυχέτω
1084 2731 1185 2819 οὐνὴ

172 2840 314 2926 διόπτρα
345 2843 429 2928 πρὸς
460 2844 497 2907 τὸ
526 2847 558 2907 E
584 2853 734 2927 σημεῖον·
766 2846 857 2908 ἔσται
890 2844 931 2927 δη
963 2844 1047 2929 πρὸς
1079 2842 1186 2929 ὀρθὰς

172 2940 258 3010 εἶναι
281 2947 343 3029 τὴν
366 2953 440 3013 ΑΕ.
1227 2951 1229 2959 “

239 3055 282 3136 ιβ.
302 3057 451 3137 Σημείου
465 3053 636 3141 ὁρωμένου
651 3055 763 3142 εὑρεῖν
775 3057 837 3140 την
851 3053 905 3120 ὐπ’
925 3055 1029 3120 αὐτοῦ
1041 3057 1187 3121 κάθετον

172 3155 337 3241 ἀγομένην
370 3156 423 3224 ἐπὶ
459 3161 496 3224 τὸ
536 3158 579 3225 δι’
615 3160 710 3244 ἡμῶν
745 3159 989 3245 ἐκβαλλόμενον
1027 3160 1230 3228 έττίιτεδονεο

243 3337 257 3385 1
277 3335 342 3402 post
360 3333 442 3403 μέρος
460 3332 584 3401 spatium
603 3341 618 3388 2
636 3334 796 3390 libterarum
864 3340 932 3389 1-2
951 3335 1003 3403 τὴν
1022 3334 1053 3390 δὲ
1069 3339 1118 3389 ΓΔ
1137 3330 1184 3389 ἐπ’

171 3404 298 3466 εὐθείαςε
323 3402 430 3460 correxi
507 3409 522 3457 7
545 3405 564 3460 f.
586 3405 715 3476 <ὐῖῖην>
737 3405 807 3474 κρδς
884 3411 918 3459 18
941 3405 959 3474 ἡ
983 3409 1041 3460 ΓΛε
1065 3422 1133 3460 corr.
1149 3405 1186 3459 Vi

169 3479 312 3600 τωῖῖο-ωῖῐῖ
324 3475 377 3601 μην
393 3479 443 3530 ΓΔ
457 3476 585 3532 εὐθεῖανι
602 3475 709 3530 correxi
764 3481 797 3530 16
812 3477 886 3544 ειδηε
902 3492 970 3530 corr.
981 3475 1018 3530 Vi
1068 3481 1101 3529 1⁷
1115 3493 1186 3546 προς
