2606 3868
165 196 208 260 60
331 198 481 252 ΗΡΩΝΟΣ
499 195 765 256 ΑΛΕΞΑΝΔΡΕΩΣ
783 197 970 251 ΜΕΤΡΙΚΩΝ
987 199 1012 250 Α

168 359 208 424 ὃν
233 363 267 442 ιβ
288 361 371 446 πρὸς
395 364 430 439 ιζ.
474 361 557 445 πρὸς
580 360 644 445 ἄρα
665 361 704 424 τὸ
723 357 956 443 έν<ν>άγωνον
975 360 1077 441 λόγον
1100 360 1177 443 ἔχει,

165 465 206 530 ὃν
230 469 264 548 ιβ
286 467 369 551 πρὸς
393 473 463 548 οςέ,
486 464 657 530 τουτέστιν
680 464 720 528 ὃν
741 467 783 530 κθ
805 467 887 548 πρὸς
910 489 983 549 ρνγ,
1006 463 1178 529 τουτέστιν

166 571 206 636 ὃν
237 596 257 655 η
291 572 375 656 πρὸς
402 596 452 636 υα.
502 569 557 636 καὶ
585 574 653 636 έστι
681 567 785 637 δοθὲν
812 573 848 637 τὸ
877 571 940 638 ἀπὸ
968 575 1044 635 ΕΖ·
1073 566 1178 635 δοθὲν

166 679 229 763 ἄρα
251 675 306 768 ποτὶ
324 679 362 742 τὸ
382 677 579 760 έννάγωυον.
626 679 862 761 συντεθήσεται
886 674 923 742 δὲ
946 677 1063 753 οὕτως·
1095 678 1134 742 τὰ
1164 701 1177 740 ι

166 782 216 868 ἐφ’
251 781 362 848 ἑαυτά·
390 786 537 866 γίγνεται
567 808 595 870 ρ.
646 793 749 849 ταῦτα
779 782 832 848 ἐπὶ
860 803 914 848 νοτ·
946 787 1093 867 γίγνεται
1117 806 1176 870 ἐρ.
1206 800 1219 840 5

165 891 293 955 τούτων
324 891 361 955 τὸ
394 889 441 974 η”
477 895 625 974 γίγνεται
657 895 744 975 χλζί.
798 891 960 955 τοσούτου
994 893 1085 955 ἔσται
1116 899 1177 954 τοῦ

167 997 358 1079 ένναγώνου
380 999 417 1062 τὸ
442 997 599 1081 έμβυόόν.

254 1126 304 1184 κγ.
332 1101 438 1168 Ἔστω
468 1104 658 1186 δεκάγωνον
686 1104 885 1188 ἰσόπλευρόν
912 1126 946 1168 τε
976 1100 1032 1167 καὶ
1054 1103 1178 1190 ιἰσογώ-

166 1234 242 1274 νιον
268 1211 305 1274 τὸ
329 1212 699 1292 ΑΒΓΔΕΖΗΘΚΛ,
723 1204 763 1273 οὗ
788 1207 905 1292 ἑκάστη
927 1211 1054 1295 πλευρὰ
1076 1211 1178 1293 μουά-
1213 1267 1217 1272 .

166 1317 235 1380 ἂων
256 1340 275 1379 ι.
312 1315 423 1398 εὑρεῖν
442 1315 545 1380 αὐτοῦ
568 1315 605 1380 τὸ
625 1314 778 1399 έμβυὸόυ.
813 1316 963 1399 εἰλήφθω
982 1317 1019 1380 τὸ
1038 1314 1179 1402 κέντρον
1192 1333 1220 1370 1⁰

165 1431 226 1486 τοῦ
239 1419 314 1508 περὶ
325 1421 405 1486 αὐτὸ

165 1527 290 1592 κύκλου
304 1527 341 1590 τὸ
356 1530 405 1608 M,

165 1632 219 1697 καὶ
259 1632 405 1716 ἐπεζεύχ-

165 1739 405 1821 θωσυναὶΜΕ,

165 1850 238 1910 ΜΖ
251 1843 306 1910 καὶ
324 1846 406 1910 κᾶθ-

167 1976 237 2028 ετος
265 1949 317 2017 ἐπὶ
345 1953 407 2035 τὴν

166 2062 229 2121 ΕΖ
265 2057 285 2140 ἡ
319 2061 405 2123 ΜΝ.

168 2161 171 2250 Q
196 2162 216 2246 Q
247 2166 311 2250 ἄρα
340 2164 405 2228 ὑπὸ

166 2273 244 2334 ΕΜ
246 2274 272 2333 Ζ
301 2273 406 2353 γωνία

166 2376 228 2441 δύο
249 2375 405 2461 πέμπτων
509 2401 520 2428 ·

167 2480 256 2547 ἐστὶν
288 2482 406 2567 ὀρθῆς·

166 2591 248 2655 ὥστε
284 2588 304 2671 ἡ
338 2588 404 2653 ὑπὸ

165 2700 282 2761 ΕΜΝ
327 2694 406 2779 πέμ-

165 2825 249 2867 πτου
317 2800 407 2866 ἐστὶν

165 2909 279 2995 ὀρθῆς.
304 2925 405 2990 Υσυν-

166 3017 287 3082 εστοέτω
323 3014 404 3101 αὐτῇ
781 3083 784 3090 ⁴

166 3129 219 3205 ἴση
256 3121 275 3204 ἡ
307 3121 372 3187 ὑπὸ
404 3119 522 3193 ME&
560 3120 621 3185 δύο
654 3121 716 3205 ἄρα
747 3117 903 3202 πέμπτων
935 3117 1025 3183 ἐστὶν
1056 3119 1076 3203 Q
1109 3120 1174 3185 ὑπὸ

165 3227 274 3301 ΝΞΕ.
329 3227 416 3312 ὀρθὴ
449 3223 485 3291 δέ
507 3225 527 3309 Q
551 3227 615 3290 ὑπὸ
640 3224 753 3298 ΕΝΞ·
799 3227 897 3307 λόγος
930 3226 993 3311 ἄρα
1025 3234 1082 3309 τῆς
1114 3225 1178 3298 ΕΞ

110 3372 112 3375 -
165 3337 248 3420 πρὸς
271 3333 351 3416 ΝΞ,
375 3333 415 3398 ὃν
438 3357 454 3398 ε
476 3335 559 3418 πρὸς
582 3333 612 3414 ὃ,
635 3333 717 3417 πρὸς
741 3327 778 3398 δὲ
800 3332 861 3414 τὴν
884 3334 966 3414 ΕΝ,
990 3331 1030 3396 ὃν
1054 3355 1069 3396 ε
1091 3333 1175 3417 πρὸς

238 3488 426 3561 Ιέυάγωνονι
447 3488 552 3544 correxi
602 3473 780 3556 4έέάγωυον
800 3487 860 3555 (sic)
879 3493 948 3542 m.l
1024 3494 1056 3540 19
1086 3490 1174 3543 ΘΙΚι

166 3566 215 3618 sed
236 3564 401 3618 [del.m.l
