2644 3870
30 3599 96 3618 Λ

152 163 216 227 164
312 163 463 217 {imon
481 158 748 220 ΑΛΕΞΑΝΔΡΕΩΣ
766 161 995 216 mmmmm

149 324 232 412 πρὸς
255 330 336 408 ΕΛ,
359 323 445 390 οὕτω
469 324 531 408 τήν
555 327 617 389 ΘΖ
639 322 723 409 πρὸς
747 327 816 388 ΖΓ.
857 321 911 388 καὶ
935 321 1163 408 ἐπιζευχθεῖσα

150 431 170 516 ἡ
194 436 258 497 ΕΖ
280 432 410 515 ποιήσει
432 428 469 496 τὸ
493 434 719 517 προκείμενον.

219 541 261 622 ιβ.
297 542 371 603 Τῶν
406 537 518 603 αὐτῶν
553 536 781 623 ὑποκειμένων
813 539 965 603 δεδόσθω
997 560 1029 601 τι
1060 533 1164 619 τυχὸν

150 655 287 729 σημεῖον
314 642 351 709 τδ
375 648 407 708 Ε
427 642 482 709 καὶ
506 643 584 709 δέου
606 647 688 710 ἔστω
713 646 886 728 διαγαγεῖν
907 643 968 726 τήν
990 647 1054 707 ΕΖ
1078 644 1164 707 διαι-

151 760 278 837 ροῦσαν
307 751 344 815 τὸ
372 751 616 837 τετράπλευρον
643 750 681 816 έν
703 755 790 840 λόγῳ
814 758 859 838 τῷ
879 747 1025 815 δοθέντι.
1070 773 1164 832 γεγο-
1193 766 1207 807 5

151 856 248 922 νέτω·
275 855 330 922 καὶ
353 858 526 944 διῃρήσθω
548 856 569 941 ή
591 862 661 922 ΑΔ
684 857 721 923 έν
743 866 789 947 τῷ
811 856 948 923 δοθέντι
972 858 1059 944 λόγῳ
1082 856 1165 920 κατὰ

151 962 188 1029 τὸ
213 968 260 1028 Η·
284 961 339 1028 καὶ
362 965 491 1048 διήχθω
514 963 535 1046 ή
561 968 627 1029 ΘΕ
646 972 693 1052 τῷ
717 964 806 1052 αὐτῷ
830 966 916 1052 λόγῳ
939 962 1104 1047 τέμνουσα
1126 960 1164 1027 τὸ

151 1072 402 1156 τετράπλευρον.
448 1069 592 1136 δοθέντα
620 1069 685 1156 ἄρα
707 1073 747 1137 τδι
771 1075 814 1154 Η,
840 1075 877 1135 Θ.
923 1065 1027 1135 δοθὲν
1050 1064 1165 1134 δὲκαὶ

609 2255 662 2307 1³13.
677 2256 709 2296 72.

155 2398 192 2466 τὸ
212 2405 253 2465 Ε·
277 2398 370 2465 θέσει
391 2399 395 2482 J
416 2397 481 2484 ἄρα
503 2398 523 2482 ἡ
542 2404 614 2464 ΕΖ.
647 2402 884 2483 συντεθήσεται
907 2400 949 2483 δή
971 2398 1166 2475 ἀκολούθως

154 2517 194 2594 τῇ
222 2505 380 2571 ἀναλύσει
408 2503 527 2581 οὕτως·
564 2506 737 2591 διῃρήσθω
764 2504 875 2589 ήΑΔ
898 2505 935 2571 έν
961 2514 1006 2593 τῷ
1030 2503 1167 2572 δοθέντι
1181 2523 1207 2562 1⁰

156 2616 243 2702 λόγῳ
266 2609 406 2678 κατὰτὸ
431 2615 477 2695 Η,
499 2609 554 2677 καὶ
578 2613 706 2695 διήχθω
729 2611 749 2695 ἡ
774 2616 813 2676 Η
818 2616 846 2677 Θ
869 2611 1033 2697 τέμνουσα
1055 2609 1093 2678 τὸ
1116 2635 1167 2678 τε-

155 2721 363 2805 τράπλευρον
390 2718 427 2783 έν
454 2726 499 2806 τῷ
529 2717 618 2804 αὐτῷ
641 2721 742 2806 λόγῳ·
772 2717 827 2784 καὶ
851 2718 1034 2803 ἐπεζεύχθω
1058 2718 1078 2802 ἡ
1102 2723 1167 2784 ΕΘ

155 2825 211 2892 καὶ
238 2826 340 2912 ταύτῃ
368 2825 577 2911 παράλληλος
599 2823 619 2908 ή
643 2828 724 2889 ΗΖ·
756 2823 811 2890 καὶ
839 2824 1024 2910 ἐπεζεύχθω
1050 2825 1071 2909 ἡ
1096 2829 1166 2912 ΖΕ.

156 2936 247 2999 ἔσται
270 2933 311 3016 δή
334 2930 417 3015 αὕτη
440 2930 460 3015 ἡ
482 2940 625 2997 ποιοῦσα
649 2928 685 2996 τδ
708 2935 891 3017 πρόβλημα.

224 3065 267 3124 ιγ.
295 3043 368 3104 Τῶν
391 3039 501 3104 αὐτῶν
523 3037 751 3122 ὑποκειμένων
772 3036 809 3105 τὸ
834 3040 1013 3124 διδόμενον
1031 3050 1167 3125 σημεῖον
1182 3055 1207 3097 1⁵

158 3145 212 3212 ἐπὶ
243 3147 402 3231 μηδεμιᾶς
433 3147 515 3211 ἔστω
548 3151 692 3230 πλευρᾶς
724 3153 783 3210 τοῦ
815 3147 1068 3232 τετραπλεύρου.
1113 3143 1168 3211 καὶ

158 3256 240 3318 ἔστω
272 3249 309 3317 τὸ
341 3247 402 3336 μέν
434 3248 539 3317 δοθὲν
565 3253 809 3338 τετράπλευρον
831 3249 868 3317 τδ
888 3256 1038 3335 ΑΒΓΔ,
1069 3249 1106 3317 τὸ
1131 3248 1168 3316 δὲ

159 3355 263 3425 δοθὲν
300 3368 435 3444 σημεῖον
470 3355 507 3423 τδ
541 3363 583 3423 Ε·
619 3356 673 3423 καὶ
699 3361 781 3423 ἔστω
814 3360 985 3442 διαγαγεῖν
1017 3360 1078 3443 τήν
1104 3362 1168 3423 ΕΖ

230 3541 246 3590 8
264 3535 296 3590 τὸ
315 3538 345 3589 Η
349 3537 385 3590 Θε
405 3533 511 3589 correxi
584 3538 617 3586 14
638 3529 718 3588 ἔσται
738 3532 844 3588 correxi
