2654 3868
162 186 228 250 274
296 188 447 240 ΗΡΩΝΟΣ
465 183 733 245 ΔΛΕΞΑΝΔΡΕΩΣ
750 190 838 242 ΠΕΡΙ
856 187 1038 241 ΔΙΟΠΤΡΑΣ

161 346 236 414 ὥστ’
256 348 313 414 ἐὰν
332 351 505 434 νοήσωμεν
525 349 770 434 έπιζευχθείσας
788 351 846 427 τδις
863 354 949 433 MA,
964 351 1046 432 ΜΒ,
1070 349 1171 414 δυνα-

160 456 220 520 Ιτὸν
244 457 335 520 ἔσται
357 466 489 543 μετρεῖν
511 456 548 521 τὸ
572 456 725 540 ΑΜ<Β>
747 460 920 544 τρίγωνον.
956 456 993 519 τὸ
1017 455 1080 539 γδιρ
1103 453 1170 520 ὑπὸ

161 573 228 626 τῶν
251 565 331 646 ΑΒ,
355 565 436 626 MN
459 560 637 628 διπλάσιόν
661 561 751 628 ἐστιν
779 572 839 628 τοῦ
862 565 978 628 ΑΒΜ
994 562 1169 648 τριγώνου.

68 696 90 732 11.
106 687 145 726 ωε
164 668 310 733 δυνατὸν
332 669 372 733 δέ
393 667 462 733 ἐστι
484 678 651 756 μετρῆσαι,
673 670 718 746 ὡς
740 668 996 756 προγέγραπται,
1018 665 1072 732 καὶ
1092 667 1173 733 ὅλον
1199 733 1202 740 ,

161 774 198 839 τὸ
222 777 352 861 χωρίον.
399 781 430 839 ελ
455 771 516 860 μέν
544 770 607 841 οὖν
632 776 670 841 τὸ
697 780 813 840 ΑΒΜ
834 779 999 858 τρίγωνον
1026 773 1171 858 ἕβδομον
1198 794 1214 834 ε

161 880 260 965 μέρος
278 878 368 947 ἐστὶν
386 890 447 946 τοῦ
466 882 548 947 ὅλου
565 886 699 968 χωρίου,
717 884 810 948 ἔσται
827 882 864 947 τὸ
878 884 995 946 ΑΒΜ
1007 883 1173 968 τρίγωνον

161 987 198 1052 ἓν
220 998 287 1052 τῶν
309 999 432 1075 μερῶν·
456 989 485 1054 ελ
515 985 553 1054 δὲ
575 991 700 1073 μεῖζον,
728 987 865 1073 ἀφελεῖν
893 989 944 1053 δεῖ
971 985 1025 1052 ἀπ’
1057 985 1171 1071 αὐτοῦ,

160 1095 362 1177 διαγαγόντα
389 1094 450 1178 τὴν
472 1093 558 1178 ΜΞ,
585 1093 640 1159 καὶ
667 1106 777 1160 ποιεῖν
804 1096 841 1159 τὸ
872 1092 982 1167 AM&
1006 1097 1173 1178 τρίγωνον

160 1185 235 1265 ῖσον
257 1208 302 1287 τῷ
322 1197 451 1288 ἑβδόμῳ
469 1199 561 1287 μέρει
579 1209 639 1265 τοῦ
658 1200 740 1265 ὅλου
761 1204 899 1288 χωρίου·
922 1199 994 1282 <ελ>
1017 1195 1054 1264 δὲ
1076 1201 1171 1284 μεῖόν

160 1305 227 1371 ἐστι
255 1307 292 1371 τὸ
317 1310 432 1372 ΑΒΜ
449 1309 614 1394 τρίγωνον
637 1315 698 1371 τοῦ
717 1305 870 1392 ἑβδόμου,
894 1308 1005 1390 δεήσει
1026 1305 1090 1370 ἀπὸ
1109 1315 1169 1372 τοῦ
1184 1328 1214 1368 ιο

159 1417 187 1476 Β
195 1415 271 1479 ΓΜ
289 1413 455 1498 τριγώνου
478 1413 615 1497 ἀφελεῖν
637 1413 674 1478 τὸ
698 1417 805 1478 ΒΜΟ
831 1417 1010 1500 τρίγωνον,
1034 1411 1067 1496 δ,
1090 1413 1171 1496 μετὰ,-

158 1529 218 1584 τοῦ
242 1523 322 1584 ΑΜ
324 1522 394 1602 <Β>
417 1520 593 1604 τριγώνου,
616 1518 761 1604 ἕβδομον
784 1521 875 1584 ἔσται
893 1518 992 1607 μέρος
1009 1528 1070 1584 τοῦ
1088 1519 1170 1584 ὅλου

158 1629 294 1712 χωρίου·
327 1626 371 1702 ὡς
403 1627 454 1691 δεῖ
485 1622 523 1691 δὲ
554 1625 693 1710 ἀφελεῖν
719 1628 884 1710 τρίγωνον
910 1624 931 1709 ἣ
958 1633 1169 1710 προσθεῖναι,

159 1731 231 1815 ἑξῆς
258 1730 416 1816 δειξομεν.
462 1731 567 1808 οὕτως
595 1726 657 1796 οὖν
683 1729 738 1796 καὶ
769 1729 822 1796 ἐπὶ
852 1742 920 1797 τῶν
948 1736 1073 1797 λοιπῶν
1100 1755 1168 1818 τρι·

158 1839 276 1921 γώνων
303 1837 563 1921 ίπιλογιζόμενοι
594 1834 804 1921 διεξελοῦμεν
837 1838 874 1902 τὸ
905 1839 1027 1922 χωρίον
1055 1838 1102 1915 είς
1128 1839 1169 1904 τδι
1183 1859 1212 1900 15

162 1943 307 2010 δοθέντα
329 1943 411 2031 μέρη
434 1944 581 2009 ἀπὸτοῦ
605 1947 649 2007 Μ
667 1947 813 2027 σημείου.

225 2055 269 2131 κζ.
306 2052 350 2115 To
378 2046 482 2115 δοθὲν
510 2053 634 2137 χωρίον
658 2059 815 2134 μετρῆσαι
838 2050 882 2134 μὴ
905 2051 1100 2116 εἰσελθόντα
1122 2054 1170 2129 είς

158 2159 195 2222 τὸ
218 2164 352 2244 χωρίον,
374 2159 447 2240 ἤτοι
470 2156 527 2221 διδ
549 2159 687 2240 φυτείας
709 2158 896 2239 πυκνότητα
923 2155 943 2240 ἢ
967 2158 1022 2222 διὰ
1041 2159 1170 2225 οἰκοδο-

159 2265 317 2348 μημάτων
354 2261 559 2347 έμποδισμδν
594 2261 614 2346 ἢ
652 2261 708 2326 διὰ
746 2263 783 2327 τὸ
819 2261 863 2347 μὴ
901 2259 1021 2340 έξεῖναι
1053 2265 1100 2341 είς
1131 2267 1168 2330 τὸ

159 2373 283 2457 χωρίον
306 2368 451 2434 εἰσιέναι.
497 2370 578 2433 ἔστω
602 2369 639 2433 τὸ
664 2364 768 2433 δοθὲν
788 2372 912 2453 χωρίον
933 2372 1169 2456 περιεχόμενον
1182 2391 1212 2431 ιο

158 2477 224 2542 ὑπὸ
257 2475 400 2541 ειοειοι
431 2486 499 2540 τοι
526 2479 606 2559 AB,
639 2477 716 2559 ΒΓ,
749 2477 830 2559 ΓΛ,
862 2480 944 2560 Λα,
976 2481 1055 2560 ιιι,
1088 2480 1168 2561 ΖΗ,
1213 2515 1215 2542 2

160 2586 243 2666 ΗΘ,
277 2587 350 2647 ΘΑ.
424 2581 700 2666 ἐκβεβλήσθωσαν
736 2581 770 2646 αλ
808 2585 890 2665 ΖΗ,
929 2586 1002 2647 ΘΗ
1038 2581 1092 2648 έπὶ
1127 2573 1169 2649 τδι

53 2705 92 2745 fol·
106 2705 142 2746 τῖ’
161 2688 252 2766 ε’κτὸς
269 2698 330 2754 τοῦ
349 2691 472 2773 χωρίου
490 2687 583 2773 μέρη,
606 2690 679 2772 ἤτοι
695 2689 752 2753 διδι
772 2687 777 2771 1
797 2691 949 2754 κανόνων
966 2688 986 2773 ἣ
1006 2690 1168 2775 σπάρτου·

159 2794 213 2861 καὶ
237 2805 294 2880 τῆς
316 2791 378 2880 μὲν
403 2799 472 2860 ΖΗ
491 2794 590 2882 μέρος
612 2820 644 2861 τι
666 2798 790 2860 κείσθω
813 2795 833 2879 ἡ
858 2798 939 2880 ΗΚ,
961 2806 1019 2880 τῆς
1037 2792 1074 2861 δὲ
1100 2800 1172 2861 ΘΗ

67 2930 87 2966 ν.
103 2920 142 2960 εει
160 2905 197 2967 τὸ
221 2902 302 2968 αὐτὸ
325 2899 424 2988 μέρος
445 2901 465 2986 ἡ
485 2905 567 2966 ΗΑ
590 2899 645 2967 καὶ
669 2901 853 2986 ἐπεζεύχθω
872 2901 892 2985 ἡ
911 2905 992 2967 ΚΑ·
1016 2905 1107 2968 ἔσται
1125 2903 1166 2985 δὴ
1181 2923 1216 2984 ετ,

159 3007 213 3073 καὶ
245 3008 358 3092 ἡΚΑ
388 3009 425 3073 τὸ
459 3008 539 3073 αὐτὸ
572 3007 670 3096 μέρος
701 3017 758 3092 τῆς
792 3013 863 3073 ΘΖ.
910 3007 964 3074 καὶ
994 3008 1035 3074 δν
1066 3011 1168 3093 λόγον

160 3117 226 3199 ἔχει
248 3116 285 3179 τὸ
309 3114 373 3180 ἀπὸ
392 3124 450 3199 τῆς
470 3118 542 3180 ΖΗ
559 3116 642 3200 πρὸς
663 3115 700 3179 τὸ
725 3113 789 3180 ἀπὸ
808 3124 865 3198 τῆς
884 3118 964 3199 ΗΚ,
987 3116 1046 3180 τὸν
1065 3115 1168 3181 αὐτὸν

160 3225 262 3305 λόγον
294 3224 360 3306 ἔχει
391 3220 446 3286 καὶ
478 3223 515 3286 τὸ
548 3225 650 3285 ΖΗΘ
681 3225 846 3306 τρίγωνον
876 3222 959 3306 πρὸς
990 3223 1027 3287 τὸ
1060 3225 1168 3287 ΗΚΛ

161 3325 339 3412 τρίγωνον,
367 3327 423 3392 διδι
450 3328 486 3392 τὸ
514 3328 727 3414 παράλληλον
756 3331 911 3411 γίνεσθαι
942 3329 1004 3412 τὴν
1033 3332 1095 3393 ΘΖ
1127 3339 1168 3416 τῇ
1214 3399 1216 3408 χ

234 3486 363 3554 ῖμείζων
400 3483 481 3553 8τήν
496 3485 610 3554 μεταξδιε
630 3483 736 3538 corr.Vi
774 3489 806 3537 18
822 3486 922 3553 φντίας
959 3491 992 3538 25
1010 3479 1168 3555 έπιζεόχθω

27 3612 69 3628 ·
197 3561 231 3610 27
249 3556 319 3625 πρὸς
336 3565 373 3610 τῶ
446 3555 504 3611 29f.
522 3555 657 3626 γενέσθαι
