2642 3872
181 213 247 278 294
315 214 464 268 Ηναωοε
482 208 747 272 mmmmm
765 215 852 265 ΠΕΡΙ
870 215 1053 266 :nonme

75 368 112 444 v11.
126 397 166 438 ωε
184 376 336 459 χάλκεον,
364 384 499 460 συμφυῆ
527 377 604 460 έχον
628 376 668 440 τά
690 373 845 461 εἰρημένα
869 375 1039 441 σκυτάλια·
1067 372 1109 439 δι’
1137 367 1189 438 ὧν

181 481 325 567 άνατομῆ
361 478 523 564 γεγονέτω
561 481 597 546 έν
628 489 673 569 τῷ
704 480 852 566 πυθμένι
883 491 942 548 τοῦ
974 484 1188 568 κιβωταρίου,

180 585 225 654 δι’
254 583 293 671 ἧς
319 590 442 674 περόνη
470 589 624 673 συμφυὴς
654 596 834 673 γενηθεῖσα
860 597 899 674 τῆ
927 589 1084 672 χοινικίόι
1112 585 1188 664 ἐνὸς

179 705 247 760 τῶν
260 704 320 760 τοῦ
333 695 495 784 ὀχῆματος
508 705 646 782 τροχῶν,
660 696 740 759 κατά
753 699 834 780 μίαν
848 695 997 781 στροφὴν
1006 697 1187 780 παρεμβαί-

179 818 284 867 νουσα
311 803 357 878 εἰς
383 802 444 884 τῆν
471 800 639 887 άνατομῆν
665 802 726 885 τὴν
757 801 794 866 ἐν
820 809 865 888 τῷ
892 810 953 867 τοῦ
983 803 1185 887 κιβωταρίου
1219 820 1233 860 ε

178 906 340 992 πυθμένι,
372 907 508 994 παράξει
539 909 577 973 ἐν
608 919 675 974 τῶν
701 910 902 992 σκυταλίων,
929 909 1011 973 ὥστε
1043 908 1080 973 τὸ
1113 905 1187 991 ἑξῆς

181 1016 359 1080 σκυτάλιον
380 1016 441 1099 τὴν
464 1014 568 1098 αὐτὴν
590 1016 692 1081 πάλιν
713 1014 812 1080 θέσιν
835 1018 922 1099 ἔχειν
944 1023 989 1102 τῳ
1012 1016 1186 1100 πρότερον,

179 1119 234 1186 καί
262 1130 360 1188 τοῦτο
389 1119 436 1186 ἐπί
464 1123 610 1207 ἄπειρον.
660 1123 860 1206 συμβήσεται
887 1115 950 1186 οὖν
976 1129 1036 1185 τοῦ
1064 1128 1186 1205 τροχοῦ

179 1227 263 1293 ὀκτὼ
292 1229 438 1313 στροφάς
463 1225 687 1313 ποιησαμένου
713 1230 751 1292 τὸ
779 1228 989 1292 σκυταλωτὸν
1013 1226 1186 1309 τύμπανον

179 1337 259 1418 μίαν
281 1333 545 1400 ἀποκατάστασιν
568 1332 746 1419 εἰληφέναι.
783 1343 828 1422 τῷ
848 1329 910 1399 οὖν
928 1333 1088 1421 εἰρημένῳ
1107 1350 1185 1398 σκυ-
1200 1353 1231 1393 το

178 1446 311 1528 ταλωτςὸ
343 1441 500 1529 τυμπάνῳ
533 1441 687 1526 συμφυὴς
722 1443 804 1506 έστω
840 1443 988 1524 κοχλίας,
1025 1438 1088 1505 άπὸ
1125 1448 1186 1504 τοῦ

178 1545 317 1633 κέντρου
334 1548 423 1634 πρὸς,
436 1548 541 1633 ὀρθάς
560 1547 648 1635 αὐτῷ
665 1547 828 1632 πεπηγὼς,
846 1548 884 1612 τὸ
903 1543 940 1612 όέ
956 1545 1069 1632 ἕτερον
1082 1547 1187 1630 άκρον

179 1655 264 1738 έχων
286 1652 323 1718 ἐν
342 1656 541 1739 θιαπῆγματι
564 1657 723 1738 πεπηγότι
746 1656 793 1730 εἰς
810 1657 888 1731 τοὺς
908 1662 968 1719 τοῦ
986 1655 1187 1737 κιβωταρίου

179 1764 319 1845 τοίχους.
372 1769 418 1848 τῷ
452 1757 490 1826 δέ
522 1760 681 1849 εἰρημένῳ
713 1765 829 1848 κοχλίηι
863 1763 1076 1847 παρακείσθω
1106 1759 1186 1842 τόμ-

178 1888 287 1932 πανον
309 1867 556 1952 ὠόοντωμένον,
578 1870 656 1944 τοὺς
674 1867 812 1943 ὀδόντας
839 1865 1024 1952 ἀρμοστοὺς
1047 1866 1124 1947 ἔχον
1145 1871 1186 1950 πῆ
1200 1883 1229 1924 15

179 1971 262 2038 έλικι
284 1982 344 2038 τοῦ
367 1977 518 2058 κοχλίου,
548 1974 703 2058 δηλονότι
729 1973 812 2058 πρὸς
839 1972 944 2058 ὀρθάς
971 1979 1017 2060 τῷ
1039 1970 1187 2055 πυθμένι

178 2082 341 2164 κείμενον,
358 2077 413 2144 καί
432 2082 509 2164 έχον
523 2078 643 2165 ὁμοίως
666 2087 801 2164 συμφυῆ
825 2077 941 2162 άξονα,
968 2073 1008 2144 οὗ
1036 2079 1076 2142 τὰ
1103 2077 1187 2163 άκρα

179 2189 346 2251 πολείσθω
370 2187 416 2262 εἰς
438 2188 516 2262 τοὺς
538 2195 598 2251 τοῦ
616 2188 816 2270 κιβωταρίου
835 2189 975 2269 τοίχους.
1017 2183 1052 2250 έκ
1069 2180 1107 2249 δέ
1125 2193 1185 2248 τοῦ

180 2288 253 2367 ἑνὸς
275 2291 396 2379 μέρους
414 2292 432 2358 ὁ
451 2291 538 2371 άξωυ
556 2291 658 2356 πάλιν
678 2290 944 2376 ἐγγεγλυμμένην
963 2291 1060 2376 ἐχέτω
1083 2289 1185 2375 ἕλικα,

179 2398 262 2463 ὥστε
280 2394 365 2463 εἰναι
385 2399 486 2463 αὐτὸν
504 2401 649 2482 κοχλίαν.
685 2395 740 2462 καὶ
762 2398 864 2462 πάλιν
881 2399 987 2487 τούτῳ
1005 2406 1051 2486 τῷ
1069 2401 1186 2485 κοχλίηι
1199 2415 1227 2456 20

178 2508 389 2588 παρακείσθω
422 2505 609 2571 όάοντωτὸν
643 2504 844 2588 τυμπάνιον,
877 2505 1032 2588 δηλονότι
1063 2505 1188 2590 παράλ-

178 2614 281 2692 ληλον
302 2619 348 2698 τῷ
375 2609 522 2696 πυθμένι
544 2613 710 2696 κείμενον,
738 2611 815 2694 έχον
847 2620 981 2696 συμφυῆ
1009 2609 1123 2689 ἄξονα·
1147 2606 1187 2676 οὗ

179 2717 216 2782 τὸ
230 2712 291 2802 μέν
305 2715 420 2804 ἕτερον
437 2717 583 2803 <άκρου>
601 2720 769 2782 πολείσθω
790 2715 826 2781 έν
844 2724 890 2805 τῷ
908 2727 968 2783 τοῦ
986 2719 1188 2801 κιβωταρίου

75 2838 114 2881 101-
127 2839 164 2881 ιε’
180 2822 337 2909 πυθμένι,
360 2826 397 2889 τὸ
421 2820 458 2890 δέ
480 2824 599 2890 λοιπὸν
617 2822 654 2888 ἐν
677 2819 863 2912 όιλατοναίῳ
886 2825 1045 2907 πεπηγότι
1064 2822 1100 2888 ἐν
1118 2833 1187 2899 τοῖς

180 2939 241 2996 τοῦ
263 2934 463 3015 κιβωταρίου
481 2934 616 3014 τοίχοις·
638 2928 693 2995 καὶ
716 2925 814 3005 οὗτος
831 2925 895 2995 οὖν
917 2929 935 2995 ὁ
959 2928 1046 3008 άξων
1069 2929 1104 2995 ἐκ
1126 2938 1187 2995 τοῦ
1201 2947 1227 2988 2⁵

182 3034 256 3114 ἐνὸς
277 3037 398 3125 μέρους
421 3035 517 3122 ἐχέτω
541 3036 633 3103 ἕλικα
653 3037 754 3102 πάλιν
772 3035 980 3121 ἁρμόζουσαν
1002 3038 1050 3113 εἰς
1073 3035 1187 3123 ἑτέρου

180 3161 392 3172 ---—---

196 3273 200 3276 .
251 3236 266 3283 1
290 3229 326 3284 τά
349 3227 494 3300 εἰρημέναι
518 3248 582 3284 τινα
601 3226 735 3299 ἱδρυμένα
753 3227 790 3282 Vi
812 3245 971 3298 perperam
995 3231 1188 3298 exspectamus

180 3299 314 3356 σκντάλια
332 3301 414 3356 ὀκτώ·
435 3301 483 3355 καλ
501 3300 627 3371 ἀνατομῆ
691 3305 706 3354 7
724 3300 755 3356 τὸ
774 3300 909 3368 πρότερον
969 3305 985 3353 9
1003 3321 1031 3354 τι
1049 3304 1188 3354 σκυτάλω-

179 3371 229 3427 τὸν
286 3372 438 3428 10-11τὸ
458 3369 507 3426 οὖν
527 3370 673 3442 εἰρημενον
693 3373 827 3426 σκυταλίω
845 3380 883 3426 τῶ
901 3389 1047 3442 τυμπανωε
1067 3388 1135 3425 corr.
1151 3370 1187 3425 Vi

90 3482 150 3500 ..-
215 3449 319 3497 11-12
339 3443 395 3499 ἀπὸ
413 3452 462 3498 τοῦ
476 3463 591 3500 καυτουε
614 3442 736 3510 correxi;
756 3442 843 3511 άκρου
857 3440 893 3494 Vi
948 3447 981 3496 15
997 3439 1188 3510 ὀάοντωμένον

217 3520 249 3568 17
278 3513 394 3580 &ww
463 3519 494 3568 18
524 3512 734 3569 ἀπολειπέσθωι
763 3530 830 3568 corr.
849 3512 886 3567 Vi
975 3517 1009 3566 20
1037 3509 1111 3566 εἶναι
1137 3510 1187 3566 τὸν

228 3591 249 3638 θ
268 3587 363 3652 άξωνα
435 3591 469 3640 26
488 3584 574 3649 οὕτως
593 3584 645 3641 θάνε
667 3601 735 3638 corr.
754 3583 787 3638 R.
807 3583 938 3638 Schoene‚
