2644 3870
174 170 237 234 170
335 171 486 224 ΗΡΩΝΟΣ
504 167 768 230 ΑΛΕΞΑΝΔΡΕΩΣ
786 172 972 226 ΜΕΤΡΙΚΩΝ
990 175 1013 225 Ρ

171 333 270 399 ἐστιν.
313 331 369 398 καλ
395 331 467 399 ’ἐστι
494 336 633 400 δοθεῖσα
659 333 680 418 ἡ
705 333 809 420 [HM
836 338 953 418 γωνία·
982 330 1087 399 δοθὲν
1114 333 1184 420 ἄρα

169 437 207 504 τδ
227 437 292 505 ὑπὸ
307 443 342 506 K
348 445 379 505 A
387 445 428 505 Θ·
452 440 592 525 ἀνῆκται
615 440 679 528 ἄρα
697 439 780 527 πρὸς
798 441 860 523 τήν
877 450 937 507 τοῦ
955 444 1080 528 χωρίον
1099 439 1183 506 ἀπο-

170 548 286 631 τομήν·
309 545 403 612 θέσει
427 547 491 635 ἄρα
513 547 534 632 ή
558 552 597 613 Η
599 552 636 613 Θ.

237 675 278 728 ις.
310 655 384 719 Δύο
412 653 506 721 θέσει
534 656 754 741 παραλλήλων
778 653 888 720 οὐσῶν
910 665 977 719 τῶν
1000 659 1080 738 AB,
1114 657 1182 720 ΓΔ

168 758 224 825 καὶ
256 759 417 837 δοθέντος
447 770 508 826 τοῦ
535 765 567 825 Ε
596 762 768 844 διαγαγεῖν
798 761 859 844 τήν
882 764 985 825 ΕΒΔ
1016 770 1182 827 ποιοῦσαν
1213 782 1228 824 5

170 871 423 954 συναμφότερον
445 869 506 951 τήν
528 871 612 951 AB,
636 870 702 932 ΓΛ
724 869 893 933 δοθεῖσαν.
925 865 1101 950 γεγονέτω·
1123 865 1179 932 καὶ

123 1023 132 1040 ,
169 982 208 1059 τῇ
232 978 297 1039 ΑΒ
321 980 375 1057 ῖση
397 973 417 1058 ή
441 979 475 1038 Δ
483 979 518 1038 Ζ.
562 975 702 1040 δοθεῖσα
725 972 789 1061 ύίρα
811 972 831 1058 ἡ
852 976 964 1038 ΓΔΖ·
987 969 1092 1038 δοθὲν
1115 971 1181 1059 ἄρα

169 1077 206 1144 τδ
232 1085 267 1144 Ζ.
306 1079 490 1164 ἐπεζεύχθω
513 1079 533 1164 ή
556 1086 588 1145 Α
596 1085 636 1144 Ζ·
662 1079 756 1147 θέσει
784 1080 848 1167 ἄρα
869 1079 890 1164 ή
914 1085 946 1144 Α
953 1084 989 1144 Ζ.
1025 1077 1080 1144 καὶ
1103 1081 1180 1164 δίχα

168 1184 321 1271 τέτμηται
343 1188 425 1252 κατδι
447 1184 484 1251 τὸ
505 1190 550 1251 Η·
575 1192 644 1251 ίσαι
666 1188 730 1272 γιίρ
753 1189 839 1252 εἰσιν
858 1188 892 1251 αἱ
911 1190 994 1270 AB,
1017 1189 1099 1250 AZ·
1123 1186 1179 1251 δο-

168 1288 233 1358 θὲν
263 1292 328 1374 ἄρα
359 1291 396 1357 τδ
426 1296 468 1357 Η.
513 1292 597 1357 ἀλλὰ
628 1290 683 1357 καὶ
714 1291 751 1358 τδ
775 1298 817 1357 Ε·
849 1291 943 1359 θέσει
970 1291 1034 1379 ἄρα
1056 1290 1076 1376 ἡ
1100 1296 1178 1357 ΕΗ.
1194 1316 1223 1356 ιο

168 1399 278 1482 δεήσει
305 1397 369 1486 ύίρα
397 1401 444 1475 εἰς
471 1399 532 1482 τήν
556 1399 719 1465 σύνθεσιν
740 1406 853 1465 θεῖναι
875 1409 914 1485 τῇ
938 1401 1078 1485 δοθείσῃ
1102 1405 1179 1483 ῖσην

167 1505 230 1588 τήν
253 1507 317 1569 ΓΖ
344 1502 399 1570 καὶ
429 1503 591 1584 ἐπιζεῦξαι
613 1506 674 1588 τήν
697 1510 765 1570 AZ
787 1503 842 1570 καὶ
865 1507 942 1589 δίχα
963 1516 1075 1589 τεμεῖν
1097 1507 1179 1570 κατδι

167 1608 205 1675 τδ
229 1614 274 1694 Η,
296 1608 351 1676 καὶ
374 1610 667 1695 ἐπιζεύξαντατήν
689 1616 763 1676 ΕΗ
781 1611 932 1696 ἐκβαλεῖν
955 1609 1005 1696 ἐφ’
1029 1610 1177 1698 ἑκάτερα·

167 1714 222 1782 καὶ
244 1719 336 1782 έσται
357 1716 378 1801 ή
400 1726 543 1784 ποιοῦσα
566 1715 603 1783 τδ
627 1721 809 1804 πρόβλημα.

235 1827 271 1903 ιζ.
293 1823 297 1910 Ι
318 1828 473 1909 Σφαίρας
500 1827 658 1909 δοθείσης
684 1823 739 1889 καλ
767 1827 870 1908 λόγον
892 1835 1002 1910 τεμεῖν
1024 1827 1085 1909 τήν
1108 1823 1177 1891 ἐπι·
1191 1847 1220 1887 15

166 1931 310 2015 φοίνειαν
341 1939 398 2015 τής
431 1935 573 2018 σφαίρας
608 1929 751 2018 ἐπιπέδῳ
784 1929 865 2015 τινὶ,
902 1932 986 1996 ὥστε
1017 1933 1075 2008 τοῖς
1108 1931 1177 1997 έπι-

166 2037 346 2121 <φανείας>
378 2049 446 2103 τῶν
476 2039 653 2122 τμημάτων
679 2039 763 2124 πρὸς
789 2037 933 2121 ἀλλήλας
959 2040 1061 2121 λόγον
1089 2040 1177 2122 ἔχειν

150 2135 226 2208 ’τὸν
244 2143 346 2209 αὐτὸν
359 2152 405 2232 τςῖ
420 2143 564 2211 δοθέντι.
595 2147 677 2209 ἔστω
692 2145 755 2230 γδιρ
771 2143 788 2209 6
804 2143 918 2221 δοθεὶς
933 2147 1031 2227 λόγος
1045 2144 1106 2229 <δ>
1119 2153 1177 2229 τῆς

165 2254 198 2314 Α
220 2250 303 2335 πρὸς
326 2251 387 2334 τήν
408 2255 446 2314 Β.
489 2249 545 2316 καὶ
568 2249 727 2315 ἐκκείσθω
751 2249 769 2315 6
792 2249 945 2334 μέγιστος
966 2251 1087 2327 κύκλος
1109 2261 1176 2315 τῶν

167 2354 204 2420 ἐν
226 2365 264 2442 τη
293 2359 429 2443 σφαίρᾳ,
458 2352 498 2422 οὗ
521 2358 695 2442 διάμετρος
717 2355 737 2440 ἡ
763 2359 835 2421 ΓΛ.
880 2355 935 2422 καὶ
957 2358 1129 2441 τετμήσθω
1152 2355 1216 2440 ήεο

168 2465 232 2527 ΓΔ
260 2464 342 2528 κατὰ
370 2464 407 2527 τὸ
432 2467 478 2546 Ε,
506 2464 589 2528 ὥστε
617 2458 703 2528 εἶναι
732 2463 776 2539 ὡς
804 2464 866 2547 τήν
887 2469 919 2527 Α
941 2463 1025 2548 πρὸς
1047 2464 1109 2546 τήν
1131 2467 1176 2547 Β,

166 2569 270 2646 οὕτως
292 2571 354 2654 τήν
377 2572 441 2634 ΓΕ
461 2569 544 2655 πρὸς
566 2569 628 2652 τήν
649 2573 725 2633 ΕΛ.
757 2567 812 2634 καὶ
834 2569 898 2634 ἀπὸ
922 2577 982 2635 τοῦ
1004 2574 1036 2634 Ε
1056 2579 1095 2655 τῇ
1110 2572 1177 2634 ΓΛ

164 2675 248 2762 πρὸς
276 2677 382 2762 ὀρθοῖς
408 2677 502 2759 ήχθω
526 2675 545 2759 η
569 2679 642 2740 ΕΖ.
686 2674 742 2741 καλ
766 2674 1015 2761 ἐπεζεύχθωσαν
1037 2678 1072 2741 αἱ
1097 2679 1175 2760 ΖΓ,

168 2785 244 2846 ΖΛ·
272 2780 327 2847 καὶ
355 2784 505 2866 εἰλήφθω
533 2780 566 2847 τὶ
593 2781 695 2866 τυχὸν
723 2792 860 2866 σημεῖον
888 2780 941 2848 ἐπὶ
971 2791 1030 2866 τῆς
1058 2781 1175 2868 ἐπιφα-

165 2892 256 2965 νείας
278 2897 335 2972 τής
358 2892 500 2975 σφαίρας
523 2890 559 2955 τὸ
585 2894 639 2977 δ’,
653 2887 708 2954 καὶ
735 2892 825 2976 πόλῳ
848 2897 894 2976 τῷ
918 2893 957 2972 Ε,
980 2890 1175 2974 διαστήματι
1189 2909 1215 2950 σε

165 2991 202 3060 δέ
230 3002 291 3083 λ’σφ
319 3004 364 3083 τῷ
389 2998 451 3060 ΓΖ
477 2996 598 3072 κύκλος
624 2997 806 3082 γεγράφθω
834 2995 852 3061 6
880 2999 915 3059 Κ
919 3000 949 3060 Λ
976 2995 1013 3060 έν
1039 3006 1078 3082 τῇ
1107 2995 1175 3061 έπι-
1209 3049 1213 3052 .

164 3106 287 3188 φανείηι
313 3111 371 3186 τής
398 3105 549 3188 σφαίρας.
595 3104 685 3168 ἔσται
714 3102 754 3184 δή
783 3103 823 3166 τὰ
850 3100 1074 3186 ἀπειλημμένα
1096 3103 1175 3186 τμή-

164 3231 249 3292 ματα
268 3207 305 3272 έν
322 3216 361 3293 τῇ
380 3211 507 3296 σφαίρᾳ
524 3208 589 3274 ὑπὸ
608 3217 668 3273 τοῦ
682 3211 717 3271 Κ
720 3211 751 3271 Λ
768 3208 893 3273 κύκλον
911 3209 968 3285 τδις
982 3207 1175 3293 ἐπιφανείας

164 3316 281 3398 ἔχοντα
305 3316 406 3396 λύγον
429 3312 567 3398 ἐχούσας
588 3313 672 3400 πρὸς
695 3313 837 3396 ἀλλήλας
853 3314 915 3379 Ιτὸν
933 3313 1036 3379 αὐτὸν
1053 3323 1098 3402 τῷ
1117 3325 1175 3398 τῆς

236 3471 384 3540 ΙὴΗΛε
409 3469 515 3525 conexi
619 3475 652 3522 14
679 3463 742 3539 ἑξῆς
764 3469 782 3538 ἡ
805 3489 878 3524 κατα
896 3470 974 3538 ραφή
996 3469 1027 3524 in
1048 3489 1104 3542 mg.
1123 3469 1173 3527 inf.

201 3548 305 3597 16-1‘1
324 3542 374 3606 τὰς
393 3537 440 3597 έπὶ
457 3551 525 3597 τῶνε
545 3539 652 3596 correxi
724 3545 757 3594 18
777 3539 835 3608 (6)
854 3491 953 3594 a6didi
