2644 3870
402 132 425 164 s

173 197 237 262 156
338 200 489 253 ΗΡΩΝΟΣ
506 195 775 257 ΔΔΕΞΑΝΔΡΕΩΣ
792 200 978 253 ΜΕΤΡΙΚΩΝ
997 201 1020 251 Γ

53 396 93 438 τοι.
105 396 155 438 ιον
172 380 343 465 παράβαλε
360 381 449 465 παρὰ
467 379 528 444 τὸν
546 380 595 444 ιδ·
615 385 620 459 Ι
641 383 789 463 γίγνεται
808 402 824 444 ε
841 377 896 444 καὶ
915 320 944 444 δ.
973 381 1063 445 ἔσται
1081 379 1145 463 ἡΑ
1151 383 1191 444 Η

476 471 497 524 ζ,

112 523 117 531 ’
171 532 329 618 μονάδων
352 555 368 596 ε
390 529 498 596 ααὶδ.
543 531 645 597 πάλιν
667 533 725 607 τδις
748 555 777 596 ιε
800 529 853 596 ἐπὶ
876 531 990 606 τὸνς·
1036 511 1186 614 γίγνεται

172 698 200 751 ο.
236 674 406 759 παράβαλε
431 675 520 760 παρά
549 674 610 739 τὸν
638 674 685 738 ιδ·
697 676 879 809 γίγνεται
906 695 926 748 ς
949 631 1028 758 <γ>.
1055 672 1110 739 καὶ
1133 675 1202 739 ἔσ-.

172 822 225 863 ται
252 797 272 881 ἡ
296 802 368 863 ΒΗ
390 799 548 883 μονάδων
571 819 590 872 5
612 796 667 862 καὶ
690 823 719 882 γ
765 797 849 864 ἀλλὰ
871 797 926 864 καὶ
948 797 969 882 ἡ
994 802 1061 863 ΑΒ
1084 799 1186 882 μονά-

172 907 242 970 δων
270 924 302 978 ς·
348 902 385 970 τὸ
393 906 478 1006 άρα
506 904 652 1059 ἐμβαδὸν
679 914 739 970 τοῦ
767 908 871 969 ΑΗΒ
899 905 1066 990 τριγώνου
1094 905 1186 970 ἔσται
1215 923 1229 964 ι

172 1048 328 1133 μονάδων
361 1071 390 1112 ιε
418 1045 474 1113 καὶ
506 1072 535 1131 γ.
597 1055 657 1113 τοῦ
699 1042 736 1112 δὲ
766 1051 900 1112 ΑΕΖΒ
939 1051 1114 1133 τραπεζίου
1148 1048 1186 1112 τὸ

173 1153 318 1239 ἐμβαδὸν
345 1161 416 1238 νηλ·
464 1153 592 1219 ὄλου”
571 1177 636 1239 αρα
663 1161 722 1218 τοῦ
746 1157 854 1218 ΕΖΗ
876 1156 1043 1238 τριγώνου
1070 1154 1107 1219 τὸ
1131 1152 1184 1238 ἐμ-

172 1289 278 1372 βαδὸν
300 1289 391 1353 ἔσται
413 1288 570 1372 μονάδων
593 1310 632 1369 ογ
657 1243 699 1370 [β.
739 1285 795 1351 καὶ
817 1290 1110 1353 πολλαπλασίασον
1127 1311 1187 1371 μο-

420 1387 439 1441 ζ’
994 1386 1043 1445 ιδ’

59 1529 63 1538 ,
173 1449 276 1524 νάδας
299 1472 314 1516 ε
337 1445 392 1512 καὶ
415 1445 480 1511 δ’
463 1445 510 1531 ειβ
543 1444 655 1512 ἑαυτά·
678 1450 826 1530 γίγνεται
849 1453 890 1513 λα
919 1445 1027 1531 ααλβ.
1069 1444 1123 1511 ἐπὶ
1146 1448 1186 1511 τά

75 3574 137 3584 ..ι-μ

173 1614 213 1672 ογ
249 1547 297 1672 ιβ,
335 1585 390 1651 καὶ
426 1589 466 1652 τά
494 1590 657 1673 γενόμενα
686 1588 856 1673 παράβαλε
880 1590 969 1674 παρά
997 1591 1056 1654 τὸν
1079 1612 1108 1654 ιε
1130 1585 1186 1652 καὶ
1201 1610 1228 1649 ιο

174 1691 205 1818 β,
228 1730 283 1797 καὶ
306 1742 373 1796 τῶν
395 1729 585 1816 γενομένων
607 1733 755 1817 πλευράν
778 1729 873 1815 λαβέ·
902 1755 1051 1814 γιγνεται
1074 1735 1109 1816 ιβ
1130 1729 1185 1796 καὶ

174 1838 253 1906 ιδ
236 1863 281 1915 ως
303 1839 450 1921 ἔγγιστα·
472 1835 527 1902 καὶ
546 1837 610 1902 άπὸ
634 1847 692 1921 τῆς
714 1838 909 1924 εὑρεθείσης
926 1843 1071 1923 πλευρᾶς
1084 1839 1186 1922 άφελε

174 2001 213 2065 τὰ
237 1938 382 2063 εααὶδ·
412 2000 543 2063 ἔσονται
576 1997 688 2063 λοιπαὶ
711 1999 853 2082 μονάδες
877 2004 926 2074 5L·
950 1997 1096 2081 ἀπόλαβε
1124 1993 1187 2062 οὖν

173 2106 235 2188 τὴν
257 2107 326 2168 ΑΕ
346 2103 503 2188 μονάδων
525 2111 566 2180 5L
594 2102 649 2169 καὶ
671 2108 814 2188 ποίησον
836 2105 881 2182 ὡς
904 2129 938 2187 ιγ
960 2105 1044 2191 πρὸς
1067 2128 1106 2188 ιε,
1130 2103 1186 2169 οὕ-

174 2235 237 2287 τως
260 2217 300 2286 ςλ
323 2210 407 2295 πρὸς
429 2214 476 2276 τί·
507 2213 597 2276 ἐσται
621 2207 658 2276 δὲ
680 2211 764 2295 πρὸς
787 2212 934 2296 μονάδας
963 2216 1008 2291 CL·
1039 2210 1185 2295 ἀπόλαβε
1200 2229 1226 2271 15

175 2318 235 2400 τὴν
258 2320 321 2380 ΒΖ
350 2317 507 2401 μονάδων
530 2320 575 2395 §L-
613 2315 841 2401 ἐπιζευχθεῖσα
864 2316 884 2402 ἡ
907 2321 971 2382 ΕΖ
993 2319 1125 2402 ποιήσει
1147 2319 1184 2383 τὸ

173 2426 401 2508 προκείμενον.

240 2555 270 2614 χ.
289 2533 364 2595 Τῶν
383 2529 493 2595 αὐτῶν
511 2528 739 2615 ὑποκειμένων
753 2528 985 2615 άπειλήφθωὴ
1001 2535 1032 2594 Α
1038 2534 1077 2594 Η
1085 2533 1186 2616 μονά-

175 2640 245 2704 δων
267 2640 301 2721 β·
324 2634 379 2702 καὶ
403 2634 481 2702 δέον
504 2640 586 2703 ἔστω
610 2638 783 2720 διαγαγεῖν
805 2638 866 2722 τὴν
885 2641 924 2701 Η
926 2641 955 2701 Θ
978 2637 1078 2726 ἐντῷ
1096 2638 1186 2725 αὐτῷ

175 2746 263 2832 λόγῳ
286 2743 485 2827 διαιροῦσαν
506 2740 544 2808 τὸ
567 2744 819 2828 τετράπλευρον.
858 2744 1053 2828 διήχθωσαν
1071 2739 1134 2808 οὖν
1152 2745 1226 2808 αλιι

176 2854 215 2916 Η
219 2854 263 2935 Θ,
287 2854 350 2915 ΕΖ
373 2858 418 2937 τῷ
442 2848 531 2939 αὐτῷ
552 2853 639 2938 λόγῳ
663 2850 854 2934 διαιροῦσαι
877 2847 914 2915 τὸ
933 2850 1186 2935 τετράπλευρον,

174 2957 229 3022 καὶ
253 2957 501 3041 ἐπεζεύχθωσαν
523 2958 557 3022 αἱ
577 2961 616 3021 Η
618 2961 659 3041 Ζ,
682 2962 714 3022 Ε
721 2962 762 3022 Θ·
790 2960 880 3023 ἔσται
904 2959 944 3042 δὴ
968 2957 1090 3042 ὁμοίως
1112 2963 1188 3022 ἴσον

174 3063 212 3130 τὸ
232 3070 264 3129 Α
271 3068 375 3129 ΗΒΘ
403 3072 449 3152 τῷ
471 3069 541 3129 ΑΕ
548 3068 617 3129 ΖΒ.
654 3064 813 3131 ὥστεκαὶ
836 3066 873 3130 τὸ
899 3068 1000 3129 ΗΕΖ
1022 3068 1188 3150 τρίγωνον

247 3246 262 3294 3
283 3238 410 3311 supplevi
481 3247 498 3294 4
517 3240 535 3309 ἡ
553 3244 575 3292 A
582 3243 621 3295 H:
641 3238 748 3294 correxi
819 3245 835 3294 8
851 3243 880 3294 et
894 3245 928 3294 10
947 3237 1050 3294 οδυάδ
1054 3262 1060 3293 :
1080 3238 1187 3293 correxi

176 3347 352 3417 dubitanter3
370 3347 389 3404 f.
405 3325 424 3416 β
441 3345 744 3433 τεσσαρεσκαιδεκάτοο
758 3347 881 3401 δεουσῶν
897 3348 931 3401 οδ
999 3350 1015 3398 9
1030 3323 1049 3414 β
1062 3365 1079 3398 ιι
1093 3346 1142 3399 καὶ
1156 3346 1185 3400 δι

176 3473 283 3528 correxi
362 3477 397 3526 λα
424 3472 473 3527 καλ
494 3432 529 3544 βαι
556 3469 663 3524 correxi
749 3475 853 3523 11-12
882 3471 911 3540 ιβ
938 3468 987 3523 καλ
1013 3468 1052 3537 γέ
1081 3467 1187 3522 conexi

212 3588 245 3636 15
264 3582 334 3653 πρὸς
352 3559 371 3650 β
390 3581 426 3646 ζιε
446 3578 496 3633 sed
515 3581 530 3644 ζ
547 3593 581 3631 ex
600 3596 610 3630 ι
628 3575 679 3629 fec.
694 3581 759 3629 m.1
