2606 3868
330 959 583 1044 ΗΡΩΝΟΣ
609 960 942 1045 ΜΕΤΡΙΚΩΝ
967 964 1008 1045 Α

545 1151 792 1218 ΠΡΟΟΙΜΙΟΝ

7 1309 149 1360 summit.
228 1295 274 1360 ‘H
296 1298 408 1382 πρώτη
430 1299 624 1382 γεωμετρία,
648 1297 693 1372 ὡς
714 1296 732 1361 ὁ
755 1297 894 1373 παλαιὸς
916 1295 1002 1383 ήμάς
1023 1299 1173 1363 διδάσκει

166 1405 277 1486 λόγος,
312 1401 388 1489 περὶ
424 1404 481 1478 τάς
513 1401 549 1467 ἐν
580 1413 619 1489 τή
651 1412 692 1488 γή
725 1405 894 1488 μετρήσεις
924 1401 979 1468 καὶ
1011 1404 1172 1488 διανομάς

163 1515 408 1594 κατησχολεῑτο,
435 1509 518 1573 ὅθεν
543 1507 599 1573 καὶ
626 1513 807 1595 γεωμετρία
826 1507 964 1593 ἐκλήθη·
991 1511 1172 1596 χρειάδους
1198 1534 1214 1575 ι

164 1612 202 1680 δέ
236 1626 297 1681 τοῦ
332 1616 522 1702 πράγματος
555 1625 625 1691 τοῖς
656 1614 848 1702 ἀνθρώποις
880 1616 1085 1702 ὑπάρχοντος
1117 1615 1171 1682 ἐπὶ

163 1722 264 1788 πλέον
295 1726 448 1808 προήχθη
480 1723 517 1786 τὸ
550 1721 660 1805 γένος,
697 1723 781 1786 ὥστε
812 1721 867 1786 καὶ
899 1721 952 1787 ἐπὶ
983 1725 1023 1788 τά
1055 1725 1170 1810 στερεά

164 1830 296 1915 σώματα
318 1838 464 1915 χωρήσαι
486 1830 548 1912 τήν
570 1830 736 1912 διοίκησιν
758 1840 826 1894 τῶν
848 1853 883 1894 τε
905 1832 1093 1916 μετρήσεων
1114 1827 1169 1894 καὶ

7 1376 48 1415 ιι
61 1373 101 1413 tol
110 1374 148 1415 οῖ’

163 1937 343 2020 διανομῶν·
371 1933 425 2001 καὶ
453 1935 565 2019 ἐπειδή
592 1935 653 2001 οὐκ
681 1934 807 2021 ἐξήρκει
834 1938 874 2001 τὰ
901 1947 1013 2021 πρῶτα
1040 1935 1168 2018 ἐπινοη-

162 2040 266 2106 θέντα
300 2043 511 2125 θεωρήματα,
547 2040 820 2126 προσεδεήθησαν
856 2044 904 2106 ἐτι
935 2041 1169 2128 περισσοτέρας
1183 2067 1211 2106 ιο

163 2146 369 2230 ε’πισκέήεως,
389 2148 471 2211 ὥστε
489 2144 544 2210 καλ
558 2145 653 2232 μέχρι
667 2155 731 2210 νῦν
745 2149 820 2211 τινά
834 2147 944 2211 αὐτῶν
958 2147 1168 2234 ἀπορεῖσθαι,

160 2257 269 2318 καίτοι
291 2250 509 2338 Ἀρχιμήδους
540 2275 575 2316 τε
606 2249 661 2316 καλ
689 2250 841 2330 Εὐδόξου
872 2258 1033 2335 γενναίως
1063 2253 1167 2337 ἐπιβε·

161 2362 331 2444 βληκότοον
358 2367 396 2444 τή
421 2361 633 2444 πραγματείᾳ.
679 2357 849 2441 άμήχανον
870 2360 934 2443 γάρ
957 2354 1000 2441 ήν
1022 2361 1086 2444 πρὸ
1110 2369 1168 2443 τής

161 2464 313 2544 Εὐδόξου
332 2464 479 2540 ἐπινοίας
492 2463 661 2542 ἀπόδειξιν
674 2466 889 2548 ποιήσασθαι,
909 2463 951 2529 δι’
969 2459 1008 2548 ής
1022 2465 1040 2530 ὁ
1054 2466 1167 2530 κύλιν-

161 2575 240 2657 δρος
269 2581 329 2637 τοῦ
355 2573 466 2636 κώνου
493 2579 553 2635 τοῦ
581 2571 641 2654 τήν
669 2569 772 2653 αὐτήν
800 2570 899 2653 βάσιν
922 2573 1055 2654 ἔχοντος
1077 2571 1166 2658 αὐτῷ
1180 2595 1209 2636 15

159 2677 214 2743 καὶ
237 2677 322 2756 ὕψος
346 2683 421 2743 ίσον
442 2677 634 2763 τριπλάσιός
653 2675 732 2759 ἐστι,
754 2673 809 2740 καλ
829 2676 879 2740 ὅτι
898 2677 930 2741 ολ
947 2679 1064 2743 κύκλοι
1082 2679 1166 2763 πρὸς

159 2785 323 2868 ἀλλήλους
342 2782 427 2849 είσλν
445 2785 489 2859 ὡς
507 2783 570 2849 άπὸ
590 2793 657 2847 τῶν
676 2780 860 2866 διαμέτρων
877 2784 1065 2869 τετράγωνα
1083 2785 1166 2869 πρὸς

159 2893 293 2974 άλληλα.
333 2888 388 2956 καὶ
407 2889 518 2975 πρὸής]
538 2898 595 2973 τῆς
608 2887 826 2973 Ἀρχιμήδους
845 2887 1007 2966 συνέσεως
1025 2893 1165 2956 άπιστον

158 2991 201 3079 ήν
228 2996 414 3080 ἐπινοῆσαι,
445 2998 530 3061 διότι
557 2995 577 3077 ή
605 3003 662 3077 τῆς
690 2997 832 3078 σφαίρας
855 2992 1031 3079 ἐπιφάνεια
1053 3021 1165 3082 τετρα-

157 3107 281 3168 πλασία
304 3101 372 3168 ἐστὶ
394 3112 455 3167 τοῦ
478 3105 633 3185 μεγίστου
652 3101 777 3165 κύκλον
794 3110 862 3164 τῶν
881 3099 917 3165 ἐν
935 3101 1018 3188 αὐτῇ
1042 3101 1087 3188 (π.
1106 3120 1161 3187 σφ.
1176 3127 1204 3166 ιο
1293 3167 1294 3176 ,

229 3319 243 3365 1
263 3311 341 3366 λὶίιιΙί
355 3311 467 3366 Ιίτλοτοε
480 3309 566 3364 minio
581 3309 710 3380 scriptae,
730 3309 796 3364 dein
809 3309 956 3366 inauratae
1017 3318 1086 3366 3-9
1105 3328 1163 3365 am-

155 3382 282 3452 plificata
299 3383 431 3453 leguntur
448 3380 477 3435 in
495 3380 613 3436 Heronis
631 3398 701 3452 pers.
718 3379 942 3436 Geometria106
960 3401 986 3452 p.
1004 3388 1062 3452 138,
1078 3389 1110 3436 31
1122 3401 1161 3453 sq.

156 3454 209 3508 ΗΟ.
264 3460 280 3508 3
300 3454 332 3509 cf.
347 3453 505 3509 Herodotus
518 3453 604 3507 11109
660 3460 693 3507 10
712 3453 953 3525 προσεδεήθησαν
972 3473 1009 3510 ευ.
1020 3455 1053 3509 αί
1064 3455 1163 3526 μετρή-

168 3545 213 3590 ‘nc
285 3533 318 3581 14
342 3524 381 3580 δι’
406 3521 451 3592 ήςε
475 3522 547 3579 διότι
564 3523 688 3598 Heiberg
760 3531 863 3580 14-15
887 3525 919 3580 cf⁴
935 3525 1114 3581 Archimedes
1133 3547 1161 3581 π.
