2644 3870
180 191 243 257 126
342 193 492 246 ΗΡΩΝΟΣ
510 193 777 252 ΑΔΕΞΑΝΔΡΕΩΣ
795 193 981 246 ΜΕΤΡΙΚΩΝ
998 195 1020 245 Β

176 355 401 440 ὑπάρχουσαν.
453 355 488 419 αἱ
519 357 582 441 γὰρ
615 354 651 420 έν
683 355 765 441 αὐτῆ
798 354 913 434 ξύσται
945 354 983 420 έν
1014 354 1187 444 ίιδιαφόρφ

177 461 491 546 παραλαμβάνονται
514 462 561 538 είς
583 463 641 538 τάς
662 463 843 547 μετρήσεις.
924 525 927 530 ,

244 591 287 650 ιγ.
319 571 393 633 Τῶν
419 578 570 632 κωνικῶν
597 565 652 632 καὶ
677 569 900 653 κυλινδρικῶν
922 565 977 632 καὶ
1001 581 1187 654 σφαιρικῶν

177 673 352 757 σχημάτων
372 672 633 759 μεμετρημένον,
657 672 715 738 ε’διν
734 672 792 758 δέη
810 670 865 738 καὶ
883 674 1030 760 καμάρας
1049 673 1187 758 ἐχούσας

176 780 216 843 τά
238 779 460 864 προειρημένα
481 781 627 864 σχήματα
645 791 776 866 μετρεῖν
794 779 814 863 ή
832 782 968 863 θόλους,
991 779 1187 857 ἀκολούθως
1214 800 1228 840 ε

176 894 215 970 τῆ
239 883 292 950 έπὶ
314 895 375 951 τοῦ
396 891 558 971 λουτῆρος
579 888 732 970 μετρήσει
754 887 950 971 ποιήσομεν·
972 895 1030 970 τῆς
1052 889 1115 973 γὰρ
1135 886 1187 952 ε’ν·

175 991 231 1067 τὸς
259 990 451 1078 ἐπιφανείας
478 996 591 1075 κοίλης
617 993 733 1075 ούσης,
765 990 913 1057 τουτέστι
941 1002 1052 1076 κενῆς,
1083 994 1186 1058 πάλιν

177 1098 267 1162 έσται
294 1095 411 1182 ἑκάστη
437 1099 547 1164 αὐτῶν
572 1099 576 1182 Ι
601 1098 663 1163 δύο
686 1091 811 1182 ὁμοίων
834 1099 1009 1183 τμημάτων
1031 1099 1186 1185 ὑπεροχή.

175 1204 257 1267 ἔστω
290 1201 327 1269 δέ
359 1215 498 1290 σπεῖραν
529 1212 686 1289 μετρῆσαι
718 1207 881 1290 πρότερον
912 1202 1093 1288 έκθέμενον
1124 1206 1186 1288 τήν

174 1308 305 1392 γένεσιν
328 1310 438 1392 αὐτῆς.
474 1312 556 1373 έστω
579 1310 642 1395 γάρ
660 1333 710 1385 τις
729 1309 765 1375 έν
784 1308 926 1397 ἐπιπέδῳ
945 1310 1061 1376 εὐθεῖα
1079 1310 1100 1395 ῆ
1120 1317 1151 1375 Α
1156 1315 1184 1375 Β
1199 1332 1227 1372 το

173 1413 228 1481 καὶ
247 1416 309 1481 δύο
328 1419 470 1500 τυχόντα
489 1411 537 1480 ἐπ’
558 1415 658 1499 αὐτῆς
676 1427 801 1499 σημεῖα.
842 1418 993 1500 εἰλήφθω
1013 1417 1031 1482 δ
1050 1420 1188 1482 ΒΓΔΕ

173 1521 336 1604 <κύκλος>
359 1521 463 1606 ὀρθὸς
486 1521 534 1585 ὢν
556 1521 639 1606 πρὸς
659 1522 695 1585 τὸ
714 1520 934 1604 ὑποκείμενον
953 1521 1124 1607 ἐπίπεδον,
1148 1522 1185 1588 έν
1209 1537 1212 1542 ’

174 1619 201 1715 ᾦ
228 1625 318 1692 ε’στιν
344 1627 365 1711 ή
389 1631 454 1691 ΑΒ
482 1626 612 1710 εὐθεῖα,
639 1624 695 1691 καὶ
721 1627 879 1712 μένοντος
906 1637 966 1692 τοῦ
990 1633 1022 1691 Α
1047 1632 1184 1712 σημείου

173 1732 404 1820 περιφερέσθω
427 1735 509 1798 κατά
532 1735 568 1798 τὸ
592 1732 749 1799 ἐπίπεδον
771 1733 792 1817 ή
811 1737 893 1817 ΑΒ,
915 1734 991 1820 άχρι
1014 1729 1055 1800 ού
1079 1737 1126 1811 είς
1146 1737 1183 1800 τὸ

173 1841 254 1906 αὐτὸ
291 1839 545 1926 ἀποκατασταθῇ
579 1838 909 1924 σνμπεριφερομένου
941 1838 995 1904 καί
1028 1850 1088 1907 τοῦ
1120 1844 1224 1906 ΒΓιε

172 1952 242 2011 ΔΕ
266 1947 391 2012 κύκλου
417 1947 525 2032 ὀρθοῦ
554 1946 768 2031 διαμένοντος
795 1947 877 2030 πρὸς
904 1946 941 2009 τὸ
964 1946 1184 2030 ὑποκείμενον

174 2052 339 2118 ἐπίπεδον.
379 2052 598 2136 άπογεννήσει
619 2055 683 2139 ἄρα
700 2055 775 2118 τινα
795 2051 990 2136 ἐπιφάνειαν
1008 2051 1028 2136 ῆ
1048 2056 1186 2118 ΒΓΔΕ

172 2157 380 2245 περιφέρεια,
407 2159 449 2242 ῆν
477 2160 517 2242 δή
546 2160 718 2244 σπειρικήν
745 2164 917 2225 καλοῦσιν·
945 2157 1008 2223 κάν
1035 2160 1079 2243 μή
1102 2151 1123 2246 ᾖ
1146 2156 1183 2225 δὲ

173 2266 249 2343 ὅλος
272 2266 290 2331 δ
313 2261 443 2348 κύκλος,
467 2264 551 2330 ἀλλὰ
573 2274 681 2349 τμῆμα
704 2265 817 2346 αὐτοῦ,
840 2266 942 2330 πάλιν
964 2264 1182 2349 άπονεννήσει
1209 2351 1214 2358 ἱ

172 2374 208 2437 τὸ
246 2381 305 2436 τοῦ
341 2372 466 2437 κύκλου
497 2381 606 2455 τμῆμα
639 2381 808 2454 σπειρικῆς
840 2369 1033 2454 ἐπιφανείας
1063 2381 1182 2456 τμῆμα,
1196 2392 1224 2433 το

171 2479 322 2564 καθάπερ
350 2476 414 2542 εἰσὶ
442 2474 496 2542 καὶ
520 2479 554 2540 αἱ
577 2487 648 2553 ταῖς
669 2480 779 2542 κίοσιν
801 2477 1014 2561 ὑποκείμεναι
1038 2488 1182 2562 σπεῖραι·

171 2597 274 2672 τριῶν
301 2586 364 2670 γὰρ
393 2583 504 2649 οὐσῶν
532 2582 733 2667 ἐπιφανειῶν
761 2583 798 2647 έν
820 2591 865 2671 τῷ
887 2582 1080 2671 καλουμένῳ
1103 2583 1182 2649 ἀνα-

171 2701 306 2777 γραφεῖ,
335 2689 374 2754 ὃν
403 2691 445 2773 δή
471 2711 559 2765 τινες
585 2686 640 2754 καὶ
669 2688 807 2773 έμβολέα
832 2694 1007 2773 καλοῦσιν,
1035 2691 1097 2755 δύο
1120 2687 1181 2775 μὲν

171 2801 293 2862 κοίλων
320 2806 386 2860 τῶν
414 2796 538 2880 άκρων,
571 2804 647 2878 μιᾶς
675 2792 712 2860 δέ
739 2793 839 2879 μέσης
865 2793 920 2860 καὶ
947 2806 1083 2882 κυρτῆς,
1115 2799 1182 2881 ἅμα

171 2905 427 2988 περιφερόμεναι
454 2901 489 2966 αἱ
515 2912 604 2984 τρεῖς
631 2900 838 2984 άπογεννῶσι
860 2902 897 2966 τὸ
921 2897 1009 2979 εἶδος
1031 2912 1089 2988 τῆς
1111 2914 1181 2980 τοῖς
1195 2923 1223 2964 2⁵

171 3013 280 3073 κίοσιν
302 3006 519 3091 ὑποκειμένης
542 3011 685 3094 σπείρας.
725 3006 803 3074 δέον
826 3003 888 3074 οὖν
911 3012 993 3074 έστω
1016 3011 1077 3093 τήν
1101 3009 1181 3075 άπο-

171 3122 391 3199 γεννηθεῖσαν
410 3125 548 3200 σπεῖραν
565 3115 630 3180 ὑπὸ
649 3124 709 3180 τοῦ
723 3118 861 3180 ΒΓΔΕ
877 3116 1001 3181 κύκλου
1014 3126 1180 3202 μετρῆσαι.

172 3223 323 3287 δεδόσθω
350 3220 371 3304 ή
398 3218 459 3306 μέν
482 3225 547 3285 ΑΒ
574 3222 731 3306 μονάδων
753 3245 788 3303 κ,
815 3220 835 3304 ῆ
864 3218 901 3286 δὲ
923 3225 987 3286 ΒΓ
1007 3223 1181 3309 διάμετρος

171 3328 326 3410 μονάδων
350 3331 396 3412 ιβ.
439 3329 590 3412 εἰλήφθω
618 3328 655 3392 τὸ
683 3325 821 3412 κέντρον
849 3336 908 3392 τοῦ
931 3328 1056 3394 κύκλου
1078 3329 1116 3393 τὸ
1142 3333 1179 3412 Ζ,

243 3490 276 3537 12
291 3485 417 3556 supplevi
470 3490 503 3539 22
519 3483 643 3538 diversus
657 3483 840 3552 άναγραφεύς
853 3499 871 3536 ε
883 3483 1001 3537 Philone
1015 3484 1079 3553 Byz.
1090 3484 1178 3539 mech.

38 3582 101 3598 ...
172 3558 243 3625 synt.
258 3556 297 3611 IV
314 3576 341 3626 p.
358 3564 399 3627 52,
413 3563 448 3611 43
458 3574 498 3625 sq.
518 3556 689 3610 memoratus
761 3559 794 3606 25
814 3553 1054 3624 περιφερομένους
1074 3555 1177 3608 correxi
