2644 3870
175 152 238 218 178
337 155 487 209 ΗΡΩΝΟΣ
505 151 773 214 ΑΔΕΞΑΝΔΡΕΩΣ
791 158 978 211 ΜΕΤΡΙΚΩΝ
995 160 1020 210 Γ

946 313 979 360 ιδ’

171 394 239 436 των
270 372 411 455 κυβικὴν
437 372 599 456 πλευράν·
631 375 779 455 γίγνεται
807 373 828 436 δ
854 371 909 438 καὶ
936 380 971 438 θ.
1022 375 1185 439 τοσούτου

171 479 263 541 ἔσται
287 476 306 560 ἡ
328 481 400 543 ΕΖ.

233 599 289 677 Ὡς
311 597 349 665 δέ
368 602 418 668 δεῖ
435 606 551 687 λαβεῖν
569 614 636 668 τῶν
655 593 679 688 ρ
693 603 850 687 μονάδων
867 605 1008 688 κυβικὴν
1025 607 1184 692 πλευράν,

170 716 236 796 νῦν
259 707 414 793 ἐροῦμεν..
458 721 459 724 ’

238 829 328 916 Λαβέ
345 833 405 898 τὸν
424 836 558 917 έννιστα
575 834 682 918 κύβον
699 844 759 901 τοῦ
775 860 794 921 ρ
809 837 868 901 τόν
881 859 917 901 τε
930 836 1183 923 ὑπερβάλλοντα
1213 854 1227 896 ⁵

169 937 224 1003 καὶ
255 941 315 1005 τὸν
347 938 553 1005 ἐλλείποντα·
586 943 655 1007 ἐστι
687 937 725 1006 δὲ
757 941 775 1008 6
808 965 866 1028 ρκε
896 941 952 1006 καὶ
984 942 1002 1009 6
1035 942 1082 1022 ξδ.
1102 943 1183 1009 ’καὶ

169 1045 230 1110 ὅσοι
261 1042 323 1130 μέν
355 1046 572 1132 ὑπερβάλλει,
608 1049 750 1132 μονάδες
782 1072 833 1132 κε,
865 1049 927 1114 ὅσα
959 1047 997 1115 δέ
1025 1049 1182 1135 ἐλλείπει,

171 1153 312 1235 μονάδες
339 1157 387 1226 λς.
408 1154 413 1238 1
432 1151 488 1218 καὶ
517 1157 658 1236 ποίησον
685 1156 725 1219 τὰ
754 1178 770 1219 ε
798 1153 851 1219 ἐπὶ
879 1158 919 1221 τά
948 1161 1001 1230 λς·
1033 1161 1182 1240 γίγνεται

168 1277 226 1343 ρπ·
262 1258 316 1323 καὶ
353 1261 393 1324 τά
426 1279 459 1345 ρ·
496 1263 644 1343 γίγνεται
675 1278 728 1325 σπ.

166 1363 242 1448 <καὶ
265 1367 434 1452 παράβαλε
456 1367 496 1431 τά
519 1387 563 1450 ρπ
580 1368 669 1452 παρά
687 1369 728 1432 τά

167 1528 248 1607 σπ·>
279 1529 427 1609 γίγνεται
453 1465 488 1591 ἐδ.
559 1527 727 1612 πρόσβαλε

166 1641 205 1718 τῇ
224 1632 334 1716 [κατὰ]
353 1641 414 1697 τοῦ
428 1631 606 1710 ἐλάσσονος
619 1634 727 1717 κύβου

165 1743 303 1827 πλευρᾷ,
326 1738 474 1805 τουτέστι
497 1748 543 1827 τῷ
562 1741 595 1804 δ·
618 1744 727 1824 γίγνε-

165 1921 219 1963 ται
247 1900 389 1984 μονάδες
413 1901 434 1964 δ
457 1898 512 1965 καὶ
534 1841 569 1966 6.
614 1902 727 1967 τοσού

166 2028 233 2069 των
261 2003 355 2071 ’ἐσται
381 2005 402 2090 ἡ
429 2018 497 2072 τῶν
524 2032 543 2093 ρ
571 2008 727 2092 μονάδων
752 2028 754 2032 ·

165 2113 284 2195 κυβικὴ
307 2115 434 2199 πλευρά
457 2114 501 2190 ὡς
525 2111 669 2196 ἔγγιστα.

231 2260 281 2301 κα.
326 2237 393 2301 Τὸν
434 2236 579 2303 δοθέντα
616 2247 726 2304 κῶνον

166 2344 290 2409 διελεῖν
308 2342 451 2431 ἐπιπέδῳ
469 2346 667 2431 παραλλήλῳ
686 2355 725 2430 τῇ

165 2449 259 2533 βάσει
301 2448 338 2514 ἐν
373 2459 419 2537 τῷ
456 2448 593 2514 δοθέντι
629 2452 725 2537 λόγῳ.
787 2420 836 2498 Α

165 2558 247 2621 ἔστω
267 2555 285 2621 6
305 2554 419 2632 δοθεὶς
434 2567 551 2640 κῶνος,
575 2551 616 2622 οὗ
630 2558 726 2640 βάσις

164 2661 226 2746 μέν
244 2661 335 2727 ἐστιν
353 2661 370 2727 6
389 2666 455 2727 AB
474 2663 603 2747 κύκλος,
626 2687 725 2754 κορυ-

163 2769 210 2853 φὴ
234 2765 272 2833 δέ
293 2769 330 2834 τὸ
356 2771 390 2833 Γ.
436 2766 491 2834 καὶ
513 2772 595 2834 ἔστω
619 2769 722 2836 αὐτοῦ

163 2874 184 2959 ἡ
224 2877 352 2961 πλευρά
392 2877 548 2960 μονάδων
587 2900 610 2941 ε.
668 2875 723 2941 καὶ

164 2983 365 3067 ἐπιτετάχθω
393 2985 530 3066 διελεῖν,
558 2985 602 3060 ὡς
630 2989 767 3070 εἴρηται,
797 2985 888 3049 ὥστε
909 2985 969 3049 τὸν
995 2984 1174 3070 άποτεμνό-

163 3113 266 3175 μενον
287 3091 370 3176 πρὸς
392 3099 431 3176 τῇ
453 3100 585 3176 κορυφῇ
604 3101 714 3156 κῶνον
731 3093 991 3182 τετραπλασίονα
1010 3085 1215 3157 εἶναιτοῦτο

163 3195 444 3281 καταλειπομένου
466 3197 632 3280 κολούρον
653 3197 774 3262 κώνου.
801 3196 997 3273 ἀκολούθως
1020 3193 1082 3263 οὖν
1104 3207 1174 3275 τοῖς

164 3299 217 3367 ἐπὶ
249 3313 307 3386 τῆς
338 3305 526 3390 πυραμίδος
557 3301 742 3389 εἰρημένοις
773 3302 837 3381 ἐξει
874 3303 891 3368 6
924 3302 988 3368 άπὸ
1021 3313 1079 3387 τῆς
1107 3307 1178 3369 ΑΓ

28 3436 94 3454 ⁴-
163 3410 264 3493 κύβος
286 3411 368 3496 πρὸς
390 3411 451 3475 τὸν
473 3409 537 3475 άπὸ
561 3419 618 3495 τῆς
637 3412 702 3474 ΓΛ
724 3410 830 3494 κύβον
853 3413 964 3493 λόγον,
988 3409 1028 3474 δν
1051 3411 1172 3493 ἔχειτὰ

167 3541 179 3581 ε
202 3518 284 3603 πρὸς
311 3518 351 3582 τά
379 3517 415 3580 δ·
447 3516 465 3582 6
491 3518 555 3604 άρα
578 3517 641 3583 άπὸ
665 3525 722 3600 τῆς
746 3518 812 3580 ΓΛ
834 3515 934 3599 κύβος
957 3518 1049 3580 ἐσται
1070 3516 1172 3599 μονά-
