2654 3868
169 183 236 247 204
306 185 455 237 ΗΡΩΝΟΣ
474 181 741 243 ΑΛΕΞΑΝΔΡΕΩΣ
760 185 847 235 ΠΕΡΙ
864 184 1047 235 ΔΙΟΠΤΡΑΣ

168 344 427 431 καταφέρεσθαι·
450 346 533 430 πρὸς
552 345 569 410 ὃ
588 344 647 410 ἐὰν
664 346 725 429 τήν
744 344 891 429 σπαρταν
910 343 1065 428 ἀνιῶμεν,
1083 367 1180 409 κατα-

169 455 369 536 σταθήσεται
399 450 455 517 καὶ
486 452 506 536 ή
534 453 711 535 άσπιδίσκη
738 448 817 516 καθ’
845 451 885 516 ὃν
912 450 954 516 άν
981 452 1183 535 βουλώμεθα

167 568 228 624 τοῦ
251 561 392 636 κανόνος
414 562 517 624 τόπον
539 557 750 644 χαλωμένης<
759 610 854 623 .....
863 561 893 640 >.

235 667 420 751 Διῃρήσθω
448 661 485 730 δέ
511 663 566 730 καί
594 665 612 731 δ
640 666 752 730 κανῶν
779 663 843 729 άπὸ
870 673 928 748 τής
950 665 1036 729 κάτω
1060 673 1183 750 κουρᾶς

152 817 155 824 .
170 771 314 856 ἀκριβῶς
331 772 378 848 εἰς
395 774 510 855 πήχεις
524 770 579 837 καί
593 773 774 849 παλαιστάς
792 768 848 835 καί
866 771 1062 854 δακτύλους,
1081 770 1182 846 ὅσους
1210 790 1224 831 τ

63 895 103 935 tol·
116 895 154 936 64¹
172 877 231 943 ἐάν
258 876 445 961 ἐπιδέχηται
465 879 469 962 Ι
490 879 526 942 τὸ
550 887 664 962 μήκος·
692 876 747 942 καὶ
775 878 900 961 κα<τδι>
923 879 980 954 τάς
1004 875 1183 963 διαιρέσεις

170 985 205 1049 αλ
227 982 373 1069 γραμμαί
392 983 689 1069 ἐγκεχαράχθωσαν
707 984 817 1068 <τῶν>
835 993 894 1048 τοῦ
913 985 1053 1059 κανόνος
1072 994 1182 1069 μερῶν

171 1089 265 1176 [τῶν]
300 1088 353 1155 ἐπὶ
382 1091 422 1155 τά
455 1089 546 1169 δεξιὰ
577 1099 634 1173 τῆς
666 1090 876 1174 άσπιδίσκης·
908 1089 972 1168 ἕξει
1005 1086 1042 1154 δέ
1073 1087 1129 1155 καί
1161 1089 1181 1173 ἡ

170 1196 348 1281 άσπιδίσκη
372 1196 407 1262 ἐκ
430 1207 497 1261 τῶν
520 1199 662 1262 όπισθεν
684 1208 794 1283 μερῶν
816 1199 1006 1280 γνωμόνιον
1033 1196 1098 1261 άπὸ
1124 1205 1183 1280 τῆς

170 1303 343 1389 εἰρημένης
370 1303 407 1368 ε’ν
435 1303 517 1389 αὐτή
546 1302 724 1390 διαμέτρου
756 1314 967 1390 παραπῖπτον
1003 1305 1091 1389 παρά
1124 1305 1183 1380 τὰς
1197 1325 1224 1364 ιο

170 1409 343 1495 εἰρημένας
371 1409 408 1474 έν
434 1417 480 1498 τῷ
506 1415 635 1499 πλαγίφ
657 1409 749 1497 μέρει
776 1420 836 1475 τοῦ
859 1412 1000 1486 κανόνος
1022 1410 1181 1495 γραμμάς.

78 1547 100 1584 p.
113 1536 153 1578 ιω
239 1518 281 1582 ol
304 1512 341 1582 δέ
359 1518 496 1594 κανόνες
514 1515 615 1603 ὀρθοί
639 1520 863 1602 σταθήσονται
887 1515 939 1582 ἐπί
958 1525 1018 1582 τοῦ
1038 1515 1183 1600 ἐδάφους

170 1622 314 1709 ἀκριβῶς
344 1624 461 1701 οὕτως·
490 1623 525 1688 ε’κ
551 1629 702 1708 πλαγίων
728 1636 795 1690 τῶν
817 1626 980 1706 κανόνων,
1008 1623 1093 1687 ὅπου
1121 1623 1183 1687 ούκ

170 1732 256 1795 εἰσιν
279 1731 404 1804 αἰτῶν
426 1742 537 1816 μερῶν
559 1729 716 1818 γραμμαὶ,
739 1732 838 1809 τύλος
857 1729 1062 1814 ἐμπήγνυται
1080 1738 1182 1813 μῆκος

170 1839 255 1920 ἔχων
278 1837 322 1914 ῶς
345 1836 529 1915 δακτύλους
551 1849 650 1923 τρεῖς,
674 1833 714 1902 ού
736 1839 825 1923 παρὰ
847 1839 909 1921 τήν
929 1836 1057 1923 κουράν
1074 1843 1181 1920 τρῆμα
1196 1857 1223 1898 ιε
1317 1911 1325 1926 ,

170 1947 297 2026 γίνεται
324 1942 388 2009 άπὸ
416 1954 484 2008 τῶν
512 1946 580 2009 άνω
603 1955 713 2030 μερῶν
736 1944 784 2020 εἰς
806 1945 843 2009 τὸ
866 1944 969 2027 κάτω,
993 1942 1182 2026 δυνάμενον

171 2049 319 2135 σπάρτον
338 2049 496 2129 δέξασθαι
514 2051 617 2135 βάρος
632 2052 775 2134 ἔχουσαν
788 2042 1002 2136 κρεμάμενον
1035 2050 1080 2126 ὡς
1094 2045 1131 2112 δέ
1145 2049 1182 2114 τὸ

170 2156 257 2219 κάτω
276 2155 375 2241 μέρος
394 2157 542 2242 [σ]τύλος
561 2156 748 2240 ἐγκείμενος
765 2159 892 2238 γίνεται
910 2165 1078 2238 τοσοῦτος,
1102 2155 1182 2220 ὅσον

170 2259 226 2325 καὶ
244 2263 280 2325 τὸ
300 2262 476 2348 εἰρημένον
489 2264 642 2349 τρύπημα
655 2261 839 2347 ἀφέστηκεν
853 2262 916 2327 άπὸ
931 2271 991 2327 τοῦ
1006 2263 1182 2348 εἰρημένου

170 2370 319 2445 κανόνος.
374 2368 411 2434 ἐν
442 2366 479 2434 δί
511 2379 550 2455 τῇ
584 2367 766 2455 [εἰρημένη]
798 2377 905 2455 κουρᾷ
933 2378 971 2455 τῇ
1003 2368 1090 2433 κάτω
1122 2377 1182 2433 τοῦ
1196 2391 1224 2430 εο

170 2474 274 2539 τύλου
301 2473 382 2559 μέση
409 2473 464 2540 καί
491 2475 579 2561 ὀρθή
601 2476 734 2562 γραμμή
756 2478 897 2559 γίνεται,
925 2466 946 2561 ᾗ
969 2473 1182 2559 ἐφαρμόσασα

170 2581 190 2665 ἡ
215 2579 369 2667 εἰρημένη
392 2584 536 2668 σπάρτος
559 2583 618 2647 τὸν
640 2585 765 2648 κανόνα
787 2583 895 2668 ὀρθὸν
917 2583 1119 2665 καταστήσει.

242 2691 306 2772 Τής
333 2683 396 2753 οὖν
418 2698 618 2770 κατασκευης
640 2689 746 2772 πάσης
768 2687 941 2774 εἰρημένης
960 2696 1025 2753 νῦν
1046 2686 1101 2752 καί
1122 2689 1183 2772 τήν

171 2787 290 2879 χρῆσιν
313 2793 539 2878 ἐκθησόμεθα,
563 2796 608 2872 ὡς
631 2795 776 2861 δυνατὸν
799 2797 898 2860 ἐσται.

77 2929 99 2966 ο.
113 2919 153 2959 194
239 2922 266 2974 ς.
298 2901 372 2966 Δύο
401 2905 545 2985 σημείων
567 2900 740 2967 δοθέντων
763 2900 800 2966 ε’ν
823 2900 1026 2985 άποστήματι
1047 2903 1183 2986 τυχόντι
1196 2921 1223 2962 ετ

172 3006 427 3091 ἐπισκέψασθαι,
456 3007 617 3095 ὁπότερον
644 3007 755 3073 αὐτῶν
781 3010 1023 3094 μετεωρότερόν
1049 3007 1182 3092 ἐστινή

171 3116 415 3202 ταπεινότερον,
434 3113 489 3181 καί
507 3118 610 3204 πόσῳ,
628 3114 649 3198 ή
668 3113 722 3180 καί
741 3113 911 3200 ἀμφότερα
931 3113 962 3193 ἐξ
978 3121 1054 3181 ἰσου
1067 3126 1182 3199 κεῖται,

170 3221 342 3287 τουτέστιν
379 3221 415 3287 ἐν
453 3219 502 3286 ἕνί
540 3220 682 3309 ε’πιπέδφ
718 3222 917 3308 παραλλήλῳ
951 3228 997 3308 τῷ
1029 3220 1182 3307 ὁρίζοντι.

243 3419 259 3467 3
283 3414 455 3485 γαλομένηςι
479 3411 625 3485 χαλωμένη
644 3412 693 3482 Vi;
713 3411 823 3466 hiatum
841 3411 964 3467 indicavi
1045 3418 1114 3466 6-7
1133 3413 1183 3468 καί

171 3483 261 3539 κατάσ
283 3484 444 3555 διαιρέσειςι
464 3503 532 3541 corr.
551 3485 588 3540 Vi
670 3489 685 3538 8
705 3484 785 3556 [τῶν]
804 3483 976 3553 transposui3
1001 3478 1032 3537 ἐκ
1050 3491 1099 3538 τοῦ
1118 3503 1181 3539 καν.

171 3556 209 3611 Vi
284 3557 426 3613 θόπισθε
504 3563 537 3610 13
560 3551 685 3626 πλαγίων
708 3574 750 3610 τες
779 3554 885 3608 correxi
961 3560 994 3608 16
1005 3552 1023 3608 f.
1047 3553 1083 3608 τὰ
1105 3553 1181 3608 κάτω
