2644 3870
153 151 217 214 132
317 153 466 206 ΗΡααοΣ
485 146 750 210 mmmm
769 153 953 205 Μωοειιεωω
972 155 994 203 Β

42 330 81 371 fol.
94 338 131 378 ον
149 324 209 380 τοῦ
236 315 350 399 κύβου.
395 324 493 379 τοῦτο
522 311 559 379 δὲ
586 315 767 398 εὔχρηστον
787 318 791 392 λ
811 315 966 398 τυγχάνει
992 315 1074 397 πρὸς
1102 315 1160 400 τάς

148 420 252 496 οὕτως
286 419 605 504 κατασκευαζομένας
636 419 799 506 καμάρας,
835 423 872 484 αἳ
901 421 1073 503 γίγνονται
1105 419 1159 485 ἐπὶ

119 555 123 562 ’
147 532 303 592 πλεῖστον
332 529 368 591 ἔν
395 550 429 591 τε
457 536 528 602 ταῖς
553 529 689 612 κρήναις
711 525 765 591 καὶ
789 529 993 611 βαλανείοις,
1022 527 1102 592 ὅταν
1124 532 1159 594 αλ

149 634 274 698 είσοδοι
301 633 321 716 ή
349 635 389 698 τά
417 644 510 717 φῶτα
539 632 573 697 ε’κ
601 645 668 698 τῶν
690 633 859 718 τεσσάρων
881 644 992 719 μερῶν
1013 634 1158 721 ὑπάρχῃ·

148 737 202 804 καὶ
226 740 310 805 ὅπου
334 739 446 818 ξύλοις
468 739 529 805 ούκ
548 741 681 805 εὔθετοι
700 741 913 822 στεχάζεσθαι
931 742 1009 816 τοὺς
1028 743 1159 819 τύπους.
1187 759 1200 798 5

209 843 416 913 Ἀκόλουθον
444 845 483 911 δέ
508 845 576 912 ἐστι
603 845 657 911 καὶ
685 847 743 922 τάς
770 857 837 911 τῶν
864 844 961 911 πέντε
985 850 1159 931 σχημάτων

147 964 214 1017 τῶν
241 954 421 1030 Πλάτωνος
452 951 680 1036 καλουμένων,
713 951 797 1036 λέγω
830 955 871 1037 δή
902 954 1008 1038 κύβου
1040 978 1074 1019 τε
1104 953 1159 1019 καὶ

147 1060 335 1145 πυραμίδος
356 1058 411 1125 καλ
434 1059 625 1143 ὀκταέδρου,
648 1062 697 1124 ἔτι
720 1056 757 1124 δὲ
779 1057 834 1124 καὶ
857 1059 1086 1147 δωδεκαέδρου
1104 1060 1159 1127 καὶ

148 1165 374 1249 εἰκοσαέδρου,
407 1168 464 1242 τάς
492 1168 662 1252 μετρήσεις
689 1165 916 1251 προσεντάξαι.
962 1167 980 1232 ὁ
1008 1162 1070 1251 μὲν
1097 1163 1159 1233 οὖν

147 1272 248 1355 κύβος
280 1274 430 1359 φανερὰν
460 1274 521 1356 τήν
553 1271 711 1358 μέτρησιν
742 1275 822 1357 ἔχει·
854 1273 905 1338 δεῖ
932 1275 995 1359 γάρ
1023 1277 1158 1359 κυβίσαι
1173 1291 1199 1330 10

147 1380 204 1455 τάς
234 1378 409 1464 διδομένας
436 1389 493 1463 τής
520 1384 663 1465 πλευρᾶς
691 1378 794 1444 αὐτοῦ
821 1381 969 1463 μονάδας
995 1379 1050 1444 καὶ
1079 1380 1159 1447 ἄπο-

146 1489 329 1570 φαίνεσθαι
352 1485 456 1551 αὐτοῦ
479 1487 516 1551 τὸ
540 1489 683 1572 στερεόν.

215 1613 256 1666 ις.
271 1590 377 1658 Ἔστω
402 1589 438 1657 δὲ
460 1594 630 1677 πυραμίδα
648 1603 816 1678 μετρῆσαι,
838 1587 877 1676 ής
896 1594 991 1676 βάσις
1009 1592 1070 1677 μέν
1089 1592 1157 1659 ε’στι

146 1699 184 1763 τὸ
213 1702 316 1764 ΑΒΓ
344 1699 586 1785 <ίσόπλευρον>
618 1703 797 1785 τρίγωνον,
829 1701 960 1785 κορυφή
992 1695 1029 1764 δὲ
1060 1701 1097 1764 τὸ
1125 1708 1158 1764 Δ

147 1817 291 1890 σημεῖον.
341 1801 380 1890 ής
413 1804 576 1890 ἑκάστη[ς]
609 1806 782 1892 πλευρδής]
812 1808 893 1871 έστω
921 1807 1078 1889 μονάδων
1106 1809 1157 1891 ιβ.
1173 1821 1199 1862 1⁵

147 1912 297 1995 εἰλήφθω
316 1912 353 1976 τὸ
373 1911 512 1998 κέντρον
527 1921 588 1977 τού
601 1909 677 1998 περὶ
691 1914 727 1977 τὸ
742 1918 773 1976 Α
779 1915 808 1975 Β
814 1915 842 1976 Γ
855 1915 1020 1997 τρίγωνον
1033 1913 1158 1978 κύκλου

145 2019 183 2082 τὸ
207 2022 250 2081 Ε·
274 2015 329 2081 καὶ
353 2017 602 2102 ἐπεζεύχθωσαν
624 2019 659 2082 αλ
680 2023 750 2082 ΛΕ
767 2021 842 2083 ΕΓ·
866 2019 903 2083 τὸ
927 2019 991 2104 ὀίρα
1014 2017 1077 2084 άπὸ
1101 2029 1159 2104 τής

147 2126 220 2206 ΒΓ,
238 2123 387 2190 τουτέστι
405 2125 442 2188 τὸ
462 2125 526 2188 άπὸ
544 2134 604 2190 τού
620 2127 695 2208 ΓΔ,
713 2125 909 2208 τριπλάσιόν
928 2124 996 2191 ἐστι
1014 2136 1075 2190 τοῦ
1094 2125 1157 2191 άπὸ

145 2239 204 2313 τής
228 2233 302 2295 ΓΕ·
329 2229 484 2314 ἡμιόλιον
511 2232 574 2317 ἄρα
602 2228 671 2295 ἐστὶ
694 2232 731 2295 τὸ
754 2229 818 2295 άπὸ
841 2241 899 2315 τής
923 2234 989 2296 ΓΔ
1010 2242 1070 2298 τοῦ
1094 2232 1156 2297 άπὸ

146 2346 204 2421 τής
226 2341 305 2402 ΔΕ·
333 2336 387 2401 καὶ
416 2340 484 2402 ἔστι
509 2339 546 2402 τὸ
570 2337 634 2403 ἀπὸ
660 2340 725 2401 ΓΔ
747 2339 903 2421 μονάδων
926 2340 1008 2424 ρμδ.
1031 2340 1068 2403 τὸ
1093 2341 1157 2425 ἄρα
1172 2356 1198 2395 20
1314 2355 1322 2421 ᾗ

146 2443 211 2508 άπὸ
230 2448 300 2508 ΛΕ
317 2446 407 2508 ἔσται
426 2444 582 2527 μονάδων
602 2463 657 2520 ος·
679 2443 760 2527 αὐτή
780 2445 817 2509 δε
835 2443 855 2527 ἡ
874 2449 944 2509 ΔΕ
960 2446 1004 2521 ὡς
1023 2448 1157 2529 ἔγγιστα

37 2607 40 2614 .
146 2550 303 2634 μονάδων
320 2547 416 2632 θάμ’·
436 2549 506 2616 ἐπεὶ
523 2545 586 2615 οὖν
606 2548 722 2634 ἑκάστη
741 2562 808 2615 τῶν
822 2557 853 2615 Α
859 2555 888 2615 Β
903 2555 971 2616 ΒΓ
980 2555 1046 2616 ΓΑ
1064 2550 1158 2618 δέδο-

146 2682 211 2741 ται,
233 2656 408 2741 <δέδοται>
426 2654 464 2722 δὲ
486 2656 541 2722 καὶ
559 2657 580 2741 ή
598 2658 739 2734 κάθετος
757 2657 777 2741 ἡ
797 2664 830 2723 Δ
835 2663 874 2742 Ε,
898 2655 1002 2725 δοθὲν
1021 2661 1084 2745 άρα
1102 2659 1156 2725 καλ

147 2765 184 2829 τὸ
204 2765 338 2847 στερεὸν
356 2773 413 2848 τής
430 2765 624 2847 πυραμίδος.
657 2764 740 2829 ὥστε
758 2766 868 2848 δεήσει
887 2765 924 2829 τὸ
939 2764 1084 2849 ἐμβαδὸν
1097 2777 1157 2832 τοῦ

147 2873 251 2936 ΑΒΓ
280 2871 479 2956 ἰσοπλεύρου
510 2872 675 2956 τριγώνου
703 2871 747 2947 ὡς
775 2870 943 2955 ἐμάθομεν
969 2877 1157 2938 πολλαπλα-
1171 2889 1197 2929 25

148 2978 259 3042 σιάσαι
289 2975 341 3042 ἐπὶ
369 2979 426 3053 τάς
453 2975 548 3059 θάμ’·
576 2976 630 3042 καὶ
658 2988 724 3042 τῶν
751 2977 958 3062 γιγνομένων
982 2978 1019 3042 τὸ
1043 2982 1158 3064 τρίτον

148 3087 292 3168 λαβόντα
314 3083 560 3168 ἀποφαίνεσθαι
582 3085 619 3148 τὸ
643 3094 700 3168 τής
722 3086 909 3170 πυραμίδος
931 3087 1073 3170 στερεόν.

41 3208 82 3250 101.
91 3209 131 3250 εν
217 3194 253 3268 ιζ.
275 3187 396 3273 ΙἜστω
414 3186 451 3254 δὲ
465 3189 645 3274 ὀκτάεδρον
657 3197 825 3275 μετρήσαι,
844 3185 885 3254 οὗ
900 3187 1017 3274 ἑκάστη
1031 3192 1158 3277 πλευρά

149 3297 217 3362 ἐστι
249 3297 404 3381 μονάδων
436 3300 459 3375 ζ.
505 3298 586 3361 έστω
619 3296 656 3360 τὸ
687 3293 862 3379 εἰρημένον
889 3295 1083 3383 ὀκτάεδρον,
1116 3293 1156 3362 οὗ

220 3461 236 3508 3
256 3453 333 3510 ἔνιαι
348 3461 421 3516 ταῖςι
440 3452 546 3507 correxi
618 3457 633 3504 5
652 3451 671 3506 s.
687 3452 803 3506 εόθετεῖ
870 3457 886 3505 6
904 3451 954 3514 τὰς
971 3452 990 3508 f.
1006 3451 1157 3507 delendum

38 3542 102 3560 ⁴·-
185 3532 218 3582 23
238 3525 394 3600 <δέδοται>
414 3523 524 3592 addidi3
543 3523 613 3592 πρὸς
631 3521 695 3578 add.
710 3528 777 3577 παλ
