2606 3868
193 136 235 199 10
357 136 505 189 ΗΡΩΝΟΣ
524 130 790 193 mmmm
808 133 995 188 ΜΕΤΡΙΚΩΝ
1012 135 1037 186 Α

188 297 258 363 ἐστι
285 295 340 361 καὶ
367 298 507 372 κάθετος
533 291 627 380 ἦκται
655 294 676 378 ἡ
704 302 787 379 AA,
818 302 871 379 ἴση
899 294 989 361 ἐστὶν
1016 295 1036 378 ἡ
1065 300 1132 361 BA
1160 305 1199 382 τῇ

188 405 263 467 ΔΓ.
308 400 364 466 καὶ
391 406 483 468 ἐστιν
509 402 529 486 ἡ
553 405 620 466 ΒΓ
644 403 799 486 μονάδων
828 406 878 485 ιβ·
906 402 925 486 ἡ
954 403 1017 487 άρα
1040 407 1107 467 BA
1131 401 1201 468 ἐστὶ

187 510 344 593 μονάδων
371 529 397 582 ς.
443 508 462 592 ἡ
491 506 528 574 δέ
552 513 616 573 AB
644 510 800 594 μονάδων
828 529 852 573 ι·
880 508 899 592 ἡ
928 511 992 594 άροι
1013 514 1084 573 AA
1108 512 1201 574 ἐσται

188 615 344 699 μονάδων
366 640 400 700 η,
425 615 599 701 ἐπειδήπερ
622 616 659 680 τὸ
684 614 747 680 άπὸ
771 625 829 699 τῆς
852 619 916 679 AB
940 621 1015 680 ἐσον
1038 612 1107 680 ἐστὶ
1129 625 1200 691 τοῖς

187 720 251 785 άπὸ
275 733 342 786 τῶν
361 726 428 787 BA
441 728 474 787 A
479 729 511 787 A
516 742 523 756 ·
547 722 651 805 (ὥστε
668 721 746 807 nal>
764 722 784 805 ἡ
804 726 870 786 ΒΕ
886 724 977 786 ἐσται
995 722 1150 806 μονάδων
1167 747 1199 805 η.
1227 738 1239 779 ⁶

186 827 207 910 ἡ
232 824 269 892 δὲ
287 831 356 893 ΒΓ
372 827 440 894 ἐστὶ
458 830 615 914 μονάδων
634 833 680 912 ιβ.
721 838 781 894 τοῦ
800 830 865 914 άρα
882 832 911 893 Β
918 831 982 893 ΓΕ
988 832 1014 891 Ζ
1032 833 1200 913 παραλλη-
1285 903 1286 914 ¹

186 936 379 1020 λογράμμου
410 936 448 1000 τὸ
481 935 626 1019 ἐμβαδόν
657 934 725 1000 ἐστι
757 936 912 1019 μονάδων
940 954 996 1011 ος·
1028 936 1111 1000 ὥστε
1137 943 1199 999 τοῦ

186 1044 291 1105 ΑΒΓ
313 1044 478 1127 τριγώνου
505 1044 542 1106 τὸ
571 1041 717 1126 ἐμβαδόν
745 1041 812 1106 ἐστι
840 1041 996 1126 μονάδων
1018 1066 1070 1126 μη.
1115 1037 1199 1124 ἡδέ
1285 1041 1286 1046 ’

186 1146 332 1231 μέθοδός
356 1147 445 1213 ἐστιν
468 1148 563 1232 αὕτη·
592 1145 671 1231 λαβὲ
694 1158 761 1213 τῶν
784 1152 822 1232 ιβ
845 1149 882 1212 τὸ
904 1148 1018 1232 ἥμισυ·
1046 1140 1199 1229 γίνονται

187 1273 218 1327 ς·
245 1252 301 1318 καὶ
328 1256 368 1319 τά
396 1280 408 1318 ι
437 1253 487 1339 ἐφ’
520 1252 632 1319 ἑαυτά·
660 1259 811 1337 γίνονται
838 1279 866 1340 ρ.
912 1255 1013 1338 άφελε
1035 1256 1075 1319 τά
1099 1274 1118 1326 ς
1141 1251 1194 1336 ἐφ’
1213 1273 1238 1313 1⁰

187 1357 300 1444 ἑαυτά,
319 1361 341 1425 ά
359 1359 426 1426 ἐστι
446 1366 503 1434 λς·
521 1364 694 1444 γίγνονται
710 1363 808 1427 λοιπά
822 1359 873 1439 ξδ.
910 1361 1058 1442 (τούτων
1071 1361 1199 1443 πλευρά

184 1470 311 1549 γίνεται
338 1468 393 1550 η’)
421 1469 583 1533 τοσούτου
610 1470 700 1533 ἐσται
727 1467 747 1550 ἡ
770 1472 840 1531 AA
863 1467 1012 1543 κάθετος.
1057 1463 1134 1548 (καὶ
1156 1468 1199 1530 τὰ

187 1577 225 1657 ιβ
244 1572 298 1639 ἐπὶ
315 1575 356 1637 τά
369 1593 402 1656 η·
421 1575 592 1656 γίνονται)
607 1595 657 1650 ος.
690 1574 817 1638 τούτων
830 1574 867 1638 τὸ
882 1573 991 1656 ἥμισυ.
1023 1572 1199 1656 <γίνονται

183 1700 242 1764 μη·
264 1680 433 1746 τοσούτων
456 1683 546 1746 ἐσται
568 1681 605 1745 τὸ
629 1680 773 1765 ἐμβαδὸν
795 1689 855 1745 τοῦ
877 1681 1074 1765 τριγώνου>.

272 1790 301 1852 δ.
333 1791 407 1852 Τῶν
439 1784 475 1852 δέ
507 1787 730 1853 άνισοσιιελῶν
761 1788 934 1873 τριγώνων
965 1785 1044 1868 (τὰς
1074 1788 1198 1869 γωνίας
1212 1803 1237 1846 15

184 1895 236 1958 δεῖ
265 1892 530 1978 ἐπισκέ>ύασθαι
553 1895 641 1971 ὅπως
668 1897 725 1971 τὰς
752 1892 914 1979 ἀγομένας
940 1891 1103 1967 καθέτους
1130 1890 1197 1956 άπὸ

182 2010 250 2063 τῶν
272 2010 403 2082 γωνιῶν
426 1999 479 2064 ἐπὶ
501 2003 559 2077 τάς
581 2003 725 2085 πλευράς
748 2002 897 2085 εἰδῶμεν,
920 2001 993 2083 ἤτοι
1017 1998 1110 2075 ἐντὸς
1127 2009 1198 2062 τῶν

183 2116 315 2188 γωνιῶν
337 2109 516 2171 πίπτουσιν
538 2106 557 2190 ἢ
582 2106 685 2183 ἐκτός·
713 2109 795 2171 ἔστω
819 2101 881 2171 οὖν
904 2102 1008 2170 δοθὲν
1030 2109 1198 2190 τρίγωνον

183 2211 221 2275 τὸ
254 2214 357 2276 ΑΒΓ
387 2214 464 2295 ἐχον
500 2210 639 2295 ἑκάστην
674 2213 822 2296 πλευράν
856 2212 1022 2276 δοθεισῶν
1057 2222 1196 2298 μοιρῶν.

183 2316 238 2382 καὶ
261 2316 339 2383 δίον
362 2317 452 2383 ἐστὶν
475 2317 715 2397 ἐπισκέψασθαι
738 2319 767 2382 εἰ
790 2317 883 2400 τύχοι
906 2318 967 2399 τὴν
989 2318 1071 2403 πρὸς
1093 2326 1138 2406 τῷ
1162 2325 1196 2382 Α
1211 2339 1237 2378 ιο

183 2428 323 2509 γωνίαν,
359 2425 432 2508 ἤτοι
469 2425 556 2511 ὀρθή
588 2424 677 2489 ἐστιν
708 2423 728 2508 ἢ
761 2422 944 2508 ά<μβλεί>α
975 2422 994 2508 ἢ
1028 2424 1127 2503 ὀξεῖα·
1164 2427 1196 2490 εί

183 2527 244 2615 μέν
267 2526 329 2596 οὖν
350 2533 387 2596 τὸ
411 2530 475 2595 άπὸ
495 2539 553 2614 τῆς
571 2532 638 2593 ΒΓ
652 2530 859 2615 τετράγωνον
878 2535 953 2595 ἴσον
972 2529 1062 2595 ἐστὶν
1080 2533 1195 2614 <τοίς>

74 2663 165 2706 maer
183 2637 247 2702 άπὸ
270 2649 337 2702 τῶν
360 2643 426 2702 ΒΑ
440 2642 472 2700 A
478 2640 510 2701 Γ
527 2633 767 2723 τετραγῶγνοις,
793 2637 896 2719 δῆλον
918 2637 969 2701 ὅτι
991 2638 1078 2722 ὀρθή
1103 2637 1196 2702 ἐστιν

182 2744 202 2827 ἡ
222 2745 304 2830 πρὸς
322 2753 367 2832 τῷ
384 2748 414 2807 A
431 2746 548 2826 γωνία·
572 2744 601 2807 εἰ
620 2739 656 2807 δέ
674 2745 826 2827 ἐλασσον,
845 2741 944 2822 ὀξεῖα·
969 2745 998 2809 εί
1016 2741 1053 2808 δέ
1071 2748 1194 2840 μεῖζον,

182 2854 286 2933 δῆλον
314 2851 364 2915 ὅτι
392 2849 530 2934 άμβλείά
557 2849 647 2914 ἐστιν
673 2848 693 2932 ἡ
721 2850 803 2935 πρὸς
830 2857 874 2937 τῷ
898 2855 930 2913 Α
954 2853 1066 2932 γωνία.
1111 2851 1193 2916 ὑπο·
1209 2871 1236 2910 ιτ

182 2961 305 3023 κείσθω
334 2957 375 3040 δὴ
401 2957 439 3021 τὸ
467 2955 530 3020 άπὸ
558 2964 615 3039 τῆς
638 2959 705 3020 ΒΓ
727 2956 935 3042 τετράγωνον
962 2959 1103 3021 ἔλασσον
1124 2967 1192 3020 τῶν

253 3155 269 3202 5
285 3147 408 3218 spatium
421 3153 437 3202 3
452 3147 621 3217 litterarum
635 3148 775 3218 supplevit
787 3147 911 3218 Heiberg
972 3154 1005 3201 13
1020 3148 1142 3217 spatium
1157 3154 1190 3202 17

181 3220 353 3288 litterarum
369 3219 495 3289 supplevi
532 3225 565 3274 14
581 3236 673 3274 versus
688 3237 759 3272 unus
774 3220 804 3272 et
815 3218 947 3272 dimidius
957 3218 1050 3287 vacui3
1065 3218 1191 3289 supplevi

219 3297 252 3344 15
280 3290 402 3360 spatium
430 3297 462 3346 18
490 3289 661 3357 litterarum
689 3288 828 3359 supplevi;
857 3285 977 3362 [ἐπισκε]
1000 3290 1087 3344 otiam
1109 3309 1144 3344 m.
1165 3296 1190 3346 2.

219 3369 250 3416 17
267 3364 382 3432 ίδωμενε
397 3379 464 3417 corr.
475 3361 598 3431 Heiberg
643 3368 677 3414 20
691 3361 811 3415 fortasse
825 3357 892 3413 δίον
907 3359 973 3415 ἐστο
1019 3367 1051 3414 21
1068 3361 1191 3431 spatium

183 3440 198 3487 ὃ
216 3433 386 3502 litterarum
406 3431 545 3503 supplevit
562 3448 635 3486 man.
646 3437 670 3486 2.
726 3436 760 3484 24
776 3427 897 3486 ἐλάσσων
912 3433 941 3484 ot
954 3433 1065 3500 μείζονι
1085 3430 1191 3486 correxi

218 3511 251 3560 26
271 3505 314 3560 δὲι
335 3504 440 3559 correxi
512 3503 569 3556 άπὸ
588 3509 645 3571 τῆιι
665 3499 770 3556 correxi
843 3495 977 3557 ἐλάσσονι
996 3502 1102 3556 correxi
