2642 3872
175 178 240 244 302
309 180 459 232 ΗΡΩΝΟΣ
477 177 743 238 mmmm*
761 182 848 232 ΠΕΡΙ
866 179 1049 233 ΔΙΟΠΡΤΑΣ

174 343 289 427 ὀρθῶν
316 343 437 425 τοίχων
462 351 530 406 τῶν
556 341 599 424 μή
628 339 771 425 ἐχόντων
802 344 880 418 τοὺς
911 341 1053 417 κύκλους
1083 349 1184 424 πῶμα

174 446 345 531 γενέσθαι,
368 447 424 512 ἵνα
446 447 483 512 τὸ
506 445 626 512 ὡσανεί
648 459 746 532 πῶμα
767 458 876 533 τοῖχος
898 440 928 534 ᾖ.

66 571 107 612 τοι.
120 572 156 612 ον
240 558 285 618 λε.
306 554 311 638 Ι
326 552 419 619 Ὅσοι
437 550 498 637 μὲν
516 549 579 618 οὖν
595 556 691 620 τόποι
710 555 902 638 βαδίζεσθαι
917 554 1086 637 δύνανται,
1104 553 1182 618 τού-

89 643 239 726 ”’””των
265 662 305 725 τά
327 663 413 744 μήκη
435 659 456 743 ή
479 661 536 725 διά
557 667 615 743 τής
637 663 957 744 κατασκευασθείσης
979 661 1136 745 διόπτρας
1159 657 1180 742 ή

172 776 232 832 τοῦ
251 766 412 853 ῥηθέντος
432 765 614 851 δδομέτρου
633 767 830 852 εὑρίσκεται·
854 763 923 831 ἐπεὶ
942 763 979 832 δέ
998 767 1180 852 εὔχρηστον
1212 795 1227 835 ο

171 875 311 958 ὑπάρχει
328 872 384 938 καί
402 874 463 957 τήν
480 871 600 957 μεταξὺ
619 873 680 938 δύο
698 873 865 956 κλιμάτων
883 871 965 938 ὁδὸν
978 871 1074 956 ήλίκη
1089 870 1181 938 ἐστὶν

172 979 379 1064 ἐπίστασθαι,
398 979 625 1064 ἐμπιπτόντων
643 981 690 1055 εἰς
709 978 813 1062 αὐτήν
831 981 943 1062 νήσων
960 1002 995 1044 τε
1013 977 1067 1044 καὶ
1081 984 1180 1044 πελα-

171 1099 241 1170 γῶν
258 1085 324 1171 καὶ,
342 1089 372 1152 εί
389 1087 493 1170 τύχοι,
512 1086 644 1170 ἀβάτων
659 1097 762 1152 τινῶν
774 1089 896 1169 τόπων,
914 1084 1096 1169 ἀναγκαῖόν
1109 1085 1180 1150 έστι

171 1191 225 1258 καὶ
243 1195 326 1279 πρὸς
344 1202 441 1258 τούτο
460 1191 608 1276 μέθοδόν
626 1215 700 1256 τινα
718 1192 890 1277 ὑπάρχειν,
910 1191 997 1268 ὅπως
1010 1197 1179 1267 παντελῶς

171 1307 221 1384 είη
244 1299 323 1385 ήμίν
345 1299 365 1383 ή
389 1297 586 1382 ἐκδεδομένη
608 1300 794 1386 πραγματεί
813 1347 820 1362 .
866 1297 944 1364 δέον
966 1294 1003 1362 δὲ
1028 1300 1126 1381 ἔστω,
1149 1299 1178 1362 εἰ
1193 1325 1224 1366 ιο

170 1406 275 1490 τύχοι,
297 1407 358 1490 τήν
379 1405 499 1489 μεταξὺ
515 1402 759 1489 Ἀλεξανδρείας
780 1402 836 1468 καὶ
849 1403 971 1489 Ῥώμης
989 1404 1070 1470 ὁδὸν
1089 1403 1179 1488 ἐκμε-

170 1521 286 1596 τρήσαι
308 1512 369 1595 τήν
388 1509 435 1576 ἐπ’
454 1511 597 1594 εὐθείας,
619 1513 680 1595 τήν
698 1534 735 1594 γε
755 1509 808 1576 ἐπί
825 1511 951 1577 κύκλου
968 1514 1179 1597 περιφερείας

169 1621 326 1702 μεγίστου
353 1627 412 1685 τοῦ
441 1617 477 1683 έν
503 1627 542 1704 τῇ
570 1626 626 1703 γή,
657 1616 1013 1703 προσομολογουμένου
1039 1626 1100 1682 τοῦ
1127 1616 1178 1682 ὅτι

169 1762 362 1845 περίμετρος
389 1769 446 1844 τῆς
472 1769 533 1843 γῆς
560 1761 705 1825 σταδίων
731 1758 800 1824 έστί
822 1735 848 1843 ’μ’
870 1757 925 1824 καὶ
948 1761 997 1824 ἔτι
1019 1764 1064 1844 Ιβ,
1092 1757 1177 1834 ὡςὸ

169 1868 309 1950 μάλιστα
340 1877 407 1932 τῶν
438 1869 549 1932 ἄλλων
581 1865 815 1953 ἀκριβέστερον
845 1864 1177 1951 πεπραγματευμένος
1191 1891 1219 1932 ιε

164 1971 406 2058 Ἐρατοσθένης
437 1974 606 2037 δείκνυσιν
632 1971 669 2036 ε’ν
701 1973 789 2060 <τῷ>
817 1969 1069 2058 ἐπιγραφομένῳ
1100 1968 1177 2055 περὶ

169 2088 226 2163 τῆς
249 2079 495 2164 άναμετρήσεως
515 2088 572 2162 τής
590 2087 657 2162 γής.
693 2081 884 2164 τετηρήσθω
904 2073 966 2143 οὖν
984 2075 1021 2142 έν
1039 2101 1074 2143 τε
1090 2074 1176 2143 Ἀλε-

170 2185 324 2272 ξανδρείηι
350 2183 404 2250 καὶ
427 2184 530 2270 Ῥώμη
559 2184 622 2268 (ἡ)
652 2184 733 2267 αὐτή
761 2187 905 2263 ἔκλειψις
935 2193 993 2268 τῆς
1025 2185 1176 2268 σελήνης·

168 2293 198 2356 εί
224 2287 286 2376 μέν
312 2293 376 2377 γὰρ
405 2289 442 2356 έν
466 2302 538 2367 ταῖς
565 2290 824 2375 άναγραφείσαις
851 2290 1050 2376 εὑρίσκεται,
1073 2291 1176 2376 ταύτῃ

169 2400 370 2483 χρησόμεθα·
404 2400 433 2463 εί
466 2395 503 2462 δὲ
535 2399 590 2481 ού,
623 2397 768 2462 δυνατὸν
795 2399 885 2462 ἔσται
911 2397 996 2480 ήμῶς
1023 2396 1144 2473 αὐτοὺς
1167 2394 1217 2485 Ιιο

64 2519 103 2559 101-
113 2519 153 2560 θ’
170 2507 374 2589 τηρήσαντας
406 2506 510 2569 εἰπεῖν
538 2505 594 2569 διά
621 2505 657 2569 τὸ
684 2506 742 2580 τάς
769 2512 826 2588 τής
854 2505 993 2587 σελήνης
1016 2503 1176 2582 ἐκλείψεις

85 2591 155 2638 pm
169 2611 225 2675 διὰ
255 2613 472 2694 πενταμήνων
502 2609 558 2675 καὶ
591 2607 760 2695 ἕξαμήνων
789 2613 953 2692 γίνεσθαι.
1003 2612 1084 2674 έστω
1113 2604 1177 2674 οὖν

169 2715 331 2802 εὑρημένη
346 2716 382 2782 έν
395 2728 465 2793 τοῖς
479 2716 662 2803 εἰρημένοις
675 2719 830 2801 κλίμασιν
848 2715 930 2800 αύτη
944 2715 1007 2800 <ή>
1020 2717 1176 2801 ἔκλειψις,

169 2822 205 2887 έν
226 2821 456 2910 Ἀλεξανδρείᾳ
482 2821 544 2907 μὲν
570 2825 689 2899 νυκτὸς
716 2825 804 2909 ὥρας
830 2846 861 2906 ε,
889 2821 925 2887 έν
950 2821 1054 2908 Ῥώμη
1086 2819 1124 2887 δέ
1153 2821 1174 2906 ή

69 2948 74 2959 ·
169 2928 249 3012 αὐτή
277 2931 395 3006 νυκτὸς
423 2931 510 3016 ὥρας
534 2954 569 3013 γ,
597 2931 752 3014 δηλονότι
774 2939 812 3015 τή
836 2929 918 3014 αὐτή
941 2932 1045 2992 νυκτί.
1090 2931 1172 2994 έστω
1188 2951 1215 2993 ετ

169 3032 206 3100 δέ
227 3035 282 3101 καί
304 3035 324 3119 ή
345 3035 420 3120 νύξ,
442 3036 611 3102 τουτέστιν
634 3036 652 3101 ὁ
674 3036 851 3121 ἡμερήσιος
873 3036 1008 3118 κύκλος,
1031 3033 1110 3100 καθ’
1131 3030 1172 3101 οὗ

169 3140 302 3227 φέρεται
329 3142 347 3207 ὁ
374 3143 466 3225 ήλιος
494 3141 530 3207 ἐν
557 3151 596 3228 τή
620 3141 774 3228 εἰρημένη
806 3144 915 3224 νυκτί,
947 3140 1077 3225 ἀπέχων
1109 3140 1173 3207 άπὸ

170 3251 337 3334 ἰσημερίας
360 3248 508 3335 έαρινής,
532 3249 576 3325 ὡς
599 3247 652 3314 ἐπὶ
675 3250 797 3335 τροπάς
824 3249 1024 3334 χειμερινάς,
1051 3247 1174 3333 ἡμέρας

238 3481 310 3531 λτῶ
325 3476 407 3558 μήκει
461 3476 599 3546 9μέθονε
619 3495 686 3534 corr.
697 3477 746 3546 Ἦ,
764 3477 783 3532 f.
798 3474 936 3564 παντελής
990 3481 1023 3555 λθ
1042 3472 1172 3529 δεδόσθω

48 3584 99 3598 „2
168 3547 212 3602 δὲι
233 3564 338 3607 corten
394 3554 425 3602 12
445 3568 497 3617 γην
515 3567 545 3603 τε
563 3568 614 3618 την
632 3549 679 3604 επλ
738 3554 770 3602 13
789 3547 888 3602 τούτου
907 3565 948 3601 οτι
966 3545 1002 3598 V1
1062 3551 1095 3600 14
1114 3541 1172 3602 έστι
