2606 3868
164 212 191 264 X
531 214 807 267 Pnonnconnna

163 381 215 438 fol.
236 381 394 438 (tr-tn*
417 378 583 440 Εὐκλείδου
607 378 805 460 εὐθνμετρικά

164 469 394 528 101631-63ν
408 463 546 548 Ἥρωνος
570 461 616 550 (in
638 489 696 528 ras,
719 489 757 527 111.
782 460 817 550 2)
839 466 1017 548 γεωμετρικά

164 558 215 616 fol.
236 559 390 616 641-661
413 557 555 635 Διδύμοω
570 551 782 638 Ἀλεξανδρέως
809 555 876 637 περὶ
902 555 1052 616 παντοίων
1080 556 1176 628 ξύλων

208 655 260 724 τῆς
285 645 447 725 μετρήσεως

165 736 215 794 fol.
236 737 294 794 66’
316 753 445 794 vacuum
467 735 605 793 relictum
628 739 674 794 est

165 826 216 884 fol.
237 825 417 884 672-110'
431 819 569 903 Ἥρωνος
593 823 719 903 perperci.

231 911 296 971 Hac
323 932 358 971 ex
385 912 490 970 tabula
517 913 605 971 facile
633 914 730 989 patet,
761 912 869 988 quibus
899 911 996 970 causis
1024 913 1176 989 permotus

164 1001 303 1060 librarius
335 1001 368 1058 in
399 1004 504 1060 octavo
538 1004 567 1060 et
601 1005 708 1076 quarto
742 1001 855 1061 decimo
889 1001 1083 1077 quaternione
1099 999 1100 1004 ’
1116 999 1177 1057 alia

168 1092 258 1166 atque
295 1090 326 1148 111
363 1090 467 1148 ceteris
505 1091 621 1148 ratione
654 1089 711 1148 sibi
742 1089 888 1148 utendum
920 1108 982 1148 esse
1014 1088 1176 1165 putaverit.

166 1179 286 1238 Etenim
309 1198 377 1236 011111
399 1180 593 1254 posteriorem
617 1179 725 1238 codicis
743 1181 861 1255 partem
878 1178 1035 1254 tripertito
1049 1167 1176 1237 Heronis

167 1268 250 1343 operi
272 1266 453 1326 destinatam
476 1286 494 1325 a
516 1286 593 1326 novo
618 1269 812 1342 quaternione
837 1259 902 1348 (fol.
923 1268 964 1325 67
980 1258 1038 1348 sq.)
1056 1266 1178 1324 initium

167 1375 283 1415 sumere
310 1357 414 1430 vellet,
447 1356 648 1415 antecedentis
675 1357 823 1431 fasciculi,
852 1356 905 1432 qui
932 1355 1012 1414 foliis
1042 1356 1096 1430 59,
1126 1356 1178 1428 60,

168 1448 218 1521 61,
238 1447 289 1519 62,
309 1447 360 1520 64,
380 1445 431 1518 65,
451 1446 502 1519 66,
520 1445 539 1502 b
559 1445 723 1519 constabat,
742 1445 849 1504 folium
867 1445 1006 1503 ultimum
1022 1442 1175 1502 deficiente

165 1534 291 1594 materia
323 1552 452 1592 vacuum
482 1535 620 1593 relictum
653 1535 782 1594 exsecuit
815 1553 849 1592 ac
881 1536 999 1610 postea,
1035 1553 1071 1590 ne
1105 1530 1179 1608 quid

166 1625 205 1682 ad
231 1623 390 1699 pristinam
414 1622 619 1700 integritatem
642 1622 741 1682 deesse
764 1622 928 1697 videretur,
956 1641 1049 1679 unum
1071 1621 1178 1679 folium

165 1713 213 1772 vel
240 1713 341 1788 potius
369 1710 526 1770 dimidium
552 1711 704 1771 binionem
731 1704 858 1792 (10163
879 1731 897 1770 0
919 1711 1008 1768 fola
1032 1701 1177 1789 solutum)

164 1799 305 1876 inserunt,
332 1801 363 1859 in
391 1820 450 1877 quo
479 1819 533 1860 sua
561 1801 654 1877 ipsius
681 1819 785 1877 manu,
813 1800 865 1859 sed
893 1800 1064 1859 atramento
1086 1797 1178 1874 paulo

167 1891 282 1949 diverso
308 1891 444 1949 tabulam
466 1891 691 1968 metrologicam
715 1888 891 1970 γεωμετρικά
913 1887 1088 1963 inscriptam
1111 1904 1178 1944 exa-

166 1977 253 2036 ravit.
303 1979 386 2037 Idem
413 1980 445 2037 in
472 1978 670 2038 describendis
699 1979 873 2038 dimetiendi
900 1976 1065 2038 rationibus
1095 1993 1178 2034 occu-

166 2069 268 2142 patae,
298 2085 364 2124 cum
391 2086 514 2125 numero
542 2087 682 2126 versuum
709 2070 881 2143 computato
909 2065 1079 2143 provideret
1106 2065 1178 2138 fore,

167 2159 202 2213 ut
225 2157 369 2230 quattuor
392 2155 494 2231 quarti
516 2155 622 2213 decimi
646 2155 849 2231 quaternionis
869 2155 1059 2214 membranae
1078 2172 1178 2228 super·

167 2243 305 2319 fluerent,
333 2244 474 2320 prudenti
497 2263 567 2302 sane
591 2243 728 2318 consilio,
753 2247 788 2302 ut
808 2242 997 2319 bibliopegae
1020 2241 1178 2300 commodi·

167 2328 227 2391 tati
262 2333 458 2408 prospiceret,
494 2351 554 2390 non
591 2335 734 2408 quattuor
771 2334 902 2390 extrema
933 2330 1007 2389 folia
1040 2329 1180 2400 exsecuit,

168 2421 220 2480 sed
250 2422 374 2480 tertium
406 2423 606 2496 quartumque
638 2412 682 2502 (c,
715 2413 748 2502 d)
781 2424 811 2479 et
839 2420 999 2496 septimum
1027 2420 1179 2476 octavum-

168 2530 224 2586 que
265 2530 290 2584 e,
312 2507 347 2588 f).

236 2501 370 2675 Sbriptus
398 2598 546 2658 est'liber
569 2596 918 2673 Constantinopolitanae
947 2614 965 2654 a
989 2592 1112 2653 librario
1134 2593 1179 2651 111-

169 2688 255 2749 docto
283 2679 375 2770 (man.
401 2681 448 2769 1),
476 2687 530 2763 qui
557 2687 700 2762 quoniam
728 2706 805 2762 quae
834 2707 870 2744 01
892 2683 1108 2761 exemplaribus
1132 2683 1180 2741 de-

168 2777 327 2853 scribebat,
364 2779 426 2836 1010
462 2796 522 2836 11011
552 2774 760 2852 intellegebat,
796 2775 828 2833 in
860 2776 969 2834 multos
1002 2791 1115 2833 errores
1148 2791 1179 2830 se

167 2866 280 2941 induit,
307 2867 359 2925 sed
386 2885 404 2924 a
431 2865 535 2924 fraude
561 2883 596 2923 ac
617 2864 746 2923 fallaciis
769 2864 883 2922 alienus
906 2864 972 2922 fuit.
1021 2861 1076 2921 (lui
1099 2860 1179 2938 quod

169 2955 208 3013 ad
238 2974 359 3014 manum
387 2957 451 3013 erat
478 2954 575 3030 operis
602 2953 766 3012 Heroniani
794 2954 973 3028 exemplum,
1006 2945 1038 3009 id
1066 2953 1096 3008 et
1122 2970 1177 3008 un-

168 3044 293 3102 cialibus
319 3044 429 3102 litteris
457 3043 600 3119 scriptum
628 3045 658 3101 et
684 3041 788 3100 multis
815 3037 888 3100 locis
912 3041 1056 3099 detritum
1078 3057 1180 3115 perro-

169 3151 292 3208 sumque
311 3133 402 3191 finisse
423 3151 458 3190 01
475 3150 584 3209 magno
604 3149 726 3189 numero
740 3130 915 3188 mendorum
928 3127 1180 3205 palaeographica

167 3222 283 3280 ratione
306 3220 507 3281 tollendorum
530 3224 620 3296 atque
645 3239 680 3277 01
702 3219 871 3294 frequentia
893 3219 1070 3276 lacunarum
1088 3216 1181 3272 inter·

169 3311 259 3370 stitiis
287 3311 324 3369 ab
351 3311 416 3386 ipso
444 3309 566 3370 librario
594 3310 893 3368 commonstratarum
921 3304 1080 3382 colligitur.
1131 3301 1179 3360 In-

170 3399 268 3458 didem
295 3399 407 3459 scholia
435 3398 550 3474 aliquot
577 3398 702 3474 antiqua
727 3397 924 3472 transscripta
948 3412 1009 3453 esse
1033 3394 1181 3468 videntur,

169 3508 246 3564 quae
270 3489 307 3548 ab
330 3489 396 3565 ipso
419 3483 556 3563 librario,
581 3488 633 3547 sed
655 3487 820 3563 scripturae
844 3505 951 3565 genere
975 3482 1181 3560 compendioso

169 3578 355 3658 marginibus
379 3578 488 3638 codicis
512 3576 633 3654 adpicta
656 3578 733 3636 sunt.
