2644 3870
76 235 78 242 ,
172 199 237 265 168
336 200 485 254 Ηοιεαοῑ.
503 196 768 258 mmmm
787 199 1014 252 αεΤεῙΚωωι·

169 362 193 447 ἡ
218 366 297 427 ΘΗ.
343 365 578 446 συντεθιίσεται
602 362 642 444 δὴ
666 360 861 438 ἀκολούθως
882 371 921 448 τῇ
945 361 1102 427 ἀναίύσει
1125 362 1182 427 οὕ·
1304 357 1306 458 1

171 490 249 546 τως·
277 472 359 534 ἔστω
383 466 498 546 δοθεὶς
520 472 619 552 λόχος
641 477 699 552 τῆς
723 471 801 532 ΛΜ
818 469 901 554 πρὸς
923 469 985 552 τὴν
1007 471 1097 532 ΜΝ·
1126 467 1184 534 καὶ
1305 465 1306 512 i

171 577 367 659 πεποιήσθω
391 577 435 653 ὡς
452 574 472 659 ἡ
492 579 567 640 ΛΜ
583 576 666 661 πρὸς
684 578 776 658 ΜΝ,
800 575 905 651 οὕτως
922 575 959 639 τὸ
975 577 1181 639 ΑΒΓΔΕΖ

171 683 256 769 πρὸς
278 681 360 749 ἄλλο
383 707 415 747 τι
438 685 561 768 χωρίον
582 683 619 747 τὸ
639 680 681 755 Ξ·
704 678 759 746 καὶ
782 680 846 746 ἀπὸ
869 690 930 746 τοῦ
948 680 979 755 Ξ
994 681 1180 768 ἀφῃρήσθω

173 795 250 855 ίσον
272 797 317 877 τῷ
337 791 490 854 ΗΓΔΕ·
513 785 569 854 καί
593 790 673 855 ἔστω
698 789 816 854 λοιπὸν
838 789 875 853 τὸ
901 791 937 852 0.
964 785 1019 852 καὶ
1040 789 1183 865 κάθετος
1213 806 1227 846 ⁵

172 891 228 960 ε’πί
259 896 320 980 τὴν
342 898 409 960 ΒΓ
433 897 527 980 ἤχθω
555 894 575 978 ἡ
601 899 683 959 ΗΚ·
714 893 769 960 καὶ
796 897 1061 982 παραβεβλήσθω
1090 895 1128 960 τὸ
1154 898 1183 959 0
1263 968 1291 985 η

172 1003 263 1088 παρὰ
284 1003 350 1085 «τὴν
372 1004 455 1066 ΗΚ·
483 998 538 1067 καί
564 1005 697 1067 ποιείτω
722 1003 845 1078 πλάτος
867 1003 929 1085 τὴν
950 1002 1103 1087 ἡμίσειαν
1125 1011 1183 1086 τῆς

175 1111 251 1173 ΓΘ·
282 1107 337 1174 καὶ
364 1107 547 1192 ἐπεζεύχθω
570 1106 590 1192 ἡ
615 1112 696 1173 ΗΘ·
728 1110 819 1173 ἔσται
842 1109 883 1192 δὴ
905 1106 926 1192 ἡ
950 1112 1019 1173 ΗΘ
1040 1116 1184 1174 ποιοῦσα

174 1215 212 1280 τὸ
234 1217 417 1300 πρόβλημα.

53 1335 159 1378 οιτον
243 1345 279 1386 ιε.
301 1321 305 1405 ί
330 1325 403 1387 Τῶν
430 1320 540 1387 αὐτῶν
565 1319 792 1405 ὑποκειμένων
819 1323 900 1386 ἔστω
928 1323 965 1387 τὸ
993 1317 1097 1387 θοθέν
1127 1338 1185 1404 ση-
1200 1340 1228 1379 10

173 1435 269 1512 μεῖον
296 1425 350 1492 ἐπὶ
376 1430 537 1512 μηδεμιᾶς
558 1432 713 1514 πλευρᾶς,
741 1425 796 1492 καὶ
819 1431 901 1494 ἔστω
925 1429 962 1493 τὸ
986 1432 1032 1493 Η·
1055 1425 1110 1492 καὶ
1134 1428 1185 1492 θι-

173 1535 269 1618 ήχθω
287 1532 307 1618 ἡ
322 1537 408 1617 ΗΘ,
432 1536 514 1600 ὥστε
537 1533 574 1599 ἔν
587 1534 723 1600 δοθέντι
737 1537 824 1623 λόγῳ
838 1536 982 1622 διαιρεῖν
995 1531 1032 1600 τὸ
1047 1537 1184 1621 χωρίον·

632 2981 683 3032 ως.
698 2982 729 3024 ιι.

178 3124 284 3194 δοθὲν
305 3125 370 3213 ἄρα
392 3128 482 3191 ἔσται
500 3123 537 3190 τὸ
557 3128 592 3189 Κ
597 3127 696 3190 ΘΓΔ
701 3129 738 3188 Ε.
777 3123 833 3189 καὶ
851 3127 881 3190 εἰ
898 3121 960 3209 μὲν
977 3129 1186 3213 παράλληλός

179 3235 247 3302 ἔστι
277 3233 297 3318 ἡ
325 3235 393 3297 ΒΓ
415 3242 453 3319 τῇ
477 3237 555 3317 ΕΖ,
587 3231 771 3317 ἐπεζεύχθω
798 3231 819 3314 ἡ
844 3234 919 3297 ΓΕ·
951 3236 1041 3298 ἔσται
1067 3233 1187 3301 λοιπὸν

178 3340 217 3407 τὸ
242 3343 390 3406 ΘΓΕΚ·
417 3341 499 3406 ὥστε
526 3337 620 3404 θέσει
644 3337 734 3404 ἐστὶν
755 3337 776 3422 ἡ
800 3342 879 3403 ΗΘ.
925 3341 954 3404 εί
977 3335 1014 3404 δὲ
1038 3341 1098 3405 οὔκ
1122 3344 1186 3408 εἰσι
1200 3365 1229 3406 15

178 3449 394 3534 παράλληλοι,
418 3447 691 3532 συμπιπτέτωσαν
713 3447 794 3509 κατὰ
816 3441 853 3510 τὸ
874 3449 919 3509 Λ·
943 3442 1047 3512 δοθὲν
1065 3446 1130 3534 ἄρα
1148 3447 1185 3514 τὸ

180 3557 331 3621 ΓΔΕΛ·
367 3552 422 3620 ναὶ
459 3554 539 3619 ὅλον
574 3551 639 3638 ἄρα
674 3549 711 3616 τὸ
746 3554 847 3615 ΘΚΛ
882 3556 1047 3637 τρίγωνον
1081 3555 1187 3622 δοθέν
