2606 3868
487 226 764 280 PROLEGOMENA.
1093 223 1132 276 XI

187 393 311 453 Saeculo
348 392 403 450 XV
445 392 564 451 ineunte
605 393 680 452 liber
723 392 1070 469 constantinopolitanus
1114 411 1133 450 a

121 482 236 542 duobus
263 481 431 541 hominibus
457 480 564 557 doctis,
593 501 722 557 quorum
745 483 822 541 alter
845 478 895 559 (m.
917 481 951 564 2)
975 482 1132 558 grandiore

120 591 156 631 ac
191 571 426 648 neglegentiore,
464 571 541 628 alter
578 562 630 650 (m.
665 563 699 652 3)
735 571 848 629 minore
881 574 911 630 et
943 570 1132 648 diligentiore

119 661 260 719 utebatur
295 680 401 736 genere
434 659 594 732 scribendi,
631 659 675 718 ita
706 662 907 736 pertractatus
941 663 998 734 est,
1034 663 1071 718 ut
1102 661 1133 718 et

70 809 72 813 ,
120 750 233 809 scholia
255 749 351 806 multa
375 747 612 807 adscriberentur
635 751 666 807 et
686 749 766 807 levia
790 749 936 824 quaedam
956 748 1132 808 emendandi

120 839 276 898 conamina
303 837 408 896 fierent
435 837 467 894 in
494 838 609 896 lacunis
637 837 788 912 explendis
816 839 847 894 et
874 837 1021 896 erroribus
1047 856 1132 914 aper-

119 928 257 987 tissimis.
274 927 428 999 tollendis3
461 926 541 1002 quod
571 929 608 984 ut
639 926 671 982 in
700 927 803 984 multis
829 928 909 984 recte
937 927 1051 985 factum
1079 929 1132 1000 est,

119 1018 164 1075 ita
186 1014 276 1074 multi
297 1033 358 1073 non
380 1016 479 1074 minus
503 1014 600 1090 aperti
624 1033 736 1073 errores
757 1014 856 1074 relicti
878 1018 962 1090 sunt,
985 1015 1132 1090 quaedam

120 1108 223 1164 autem
251 1125 286 1162 ex
314 1123 348 1162 eo
374 1123 481 1180 genere
504 1103 710 1178 inveniuntur,
738 1123 798 1178 quo
820 1105 933 1162 mancis
956 1104 1034 1163 falsa
1056 1104 1131 1163 inte-

120 1194 240 1272 gritatis
267 1192 379 1269 species
406 1193 564 1252 inducitur.
611 1193 647 1251 In
674 1193 720 1250 his
744 1211 811 1250 cum
833 1193 930 1252 multa
953 1195 1026 1268 sint,
1054 1212 1131 1269 quae

119 1285 178 1342 nisi
205 1303 221 1341 e
249 1283 420 1342 coniectura
446 1301 539 1356 eaque
561 1281 665 1340 fallaci
687 1281 776 1340 ducta
800 1299 862 1340 esse
887 1285 1049 1358 nequeant,
1078 1301 1132 1340 nec

120 1373 294 1448 quidquam,
319 1371 399 1447 quod
421 1372 591 1430 coniectura
613 1373 766 1446 repertum
789 1388 851 1429 esse
873 1374 1011 1446 nequeat,
1034 1390 1131 1429 emen·

120 1461 275 1521 datoribus
303 1461 364 1519 illis
392 1460 468 1519 alios
496 1460 594 1535 operis
618 1459 782 1518 Heroniani
811 1459 924 1518 codices
950 1460 989 1518 ad
1010 1479 1132 1518 manum

55 1562 58 1569 ’
119 1551 211 1608 fuisse
233 1568 318 1628 nege.
362 1547 500 1608 Ceterum
523 1549 703 1607 scholiorum
721 1549 851 1624 illorum,
874 1567 952 1624 quae
970 1549 1132 1625 posthaec

120 1658 166 1697 me
191 1639 324 1712 edentur,
346 1639 490 1697 nonnulla
515 1640 682 1696 atramento
706 1637 831 1697 evanido
854 1640 1010 1713 tantopere
1030 1637 1132 1696 obscu-

119 1729 186 1786 rata
209 1730 289 1802 sunt,
311 1730 345 1785 ut
369 1747 423 1804 ego
447 1747 484 1785 nc
507 1727 730 1786 contentissima
753 1725 874 1802 quidem
898 1727 1051 1786 oculorum
1069 1727 1131 1785 acie

119 1817 218 1893 legere
249 1817 411 1892 potuerim:
444 1818 477 1874 at
508 1817 609 1892 potuit
639 1816 766 1875 Ioannes
793 1809 964 1874 Ludovicus
992 1815 1131 1893 Heiberg.

120 1905 203 1963 Idem
234 1906 281 1964 vir
312 1904 438 1962 illustris
468 1905 560 1963 etiam
587 1905 620 1962 in
648 1905 715 1963 aliis
741 1905 831 1962 huius
860 1903 968 1963 codicis
995 1904 1131 1980 partibus

120 1994 307 2068 praesentem
331 2011 451 2068 operam
473 1994 547 2051 mihi
570 1994 715 2072 denegare
739 1994 850 2070 noluit,
876 2012 934 2069 quo
958 1994 1022 2052 eius
1045 1992 1131 2052 bene-

121 2081 188 2140 ficio
211 2101 258 2138 me
281 2083 408 2139 maxime
432 2081 606 2140 obstrictum
629 2102 691 2142 esse
715 2083 818 2142 sentio.

189 2255 221 2316 Si
247 2278 351 2317 verum
379 2262 424 2318 est
452 2292 494 2300 -
522 2260 604 2336 quod
631 2263 677 2319 est
703 2260 836 2336 profecto
861 2291 903 2301 -
928 2261 1131 2336 Pneumatica,

119 2347 413 2424 Automatopoetica‚
445 2348 650 2424 Belopoetica,
680 2349 836 2425 Dioptn'ca
862 2348 976 2408 Heroni
1003 2350 1132 2408 Alexan-

121 2436 206 2494 drino
233 2439 299 2497 tuto
327 2456 413 2514 posse
439 2437 578 2512 attribui,
604 2439 755 2497 rationum
778 2438 952 2497 dimetiendi
973 2439 1043 2497 libri
1065 2442 1131 2497 tan·

119 2528 183 2584 tam
214 2529 293 2584 certe
324 2546 397 2602 prae
429 2545 460 2585 se
492 2527 593 2586 ferunt
624 2528 656 2585 in
688 2527 815 2602 dicendi,
848 2527 1033 2603 disputandi,
1064 2545 1132 2603 pro·

120 2613 270 2672 oemiandi
293 2633 400 2692 genere
419 2633 488 2674 cum
505 2615 566 2674 illis
586 2617 819 2691 similitudinem,
842 2619 878 2673 ut
895 2617 954 2674 nisi
973 2616 1010 2675 ab
1029 2616 1132 2675 eodem

119 2702 238 2761 homine
266 2705 423 2780 compositi
451 2723 513 2764 esse
540 2708 698 2780 nequeant.
748 2705 794 2762 De
820 2705 880 2780 his,
908 2704 1050 2780 quamdiu
1076 2724 1131 2780 pro

119 2791 281 2867 deperditis
303 2793 504 2868 habebantur,
526 2796 613 2852 tanta
635 2794 789 2854 hominum
812 2792 1050 2853 doctissimorum
1073 2794 1132 2852 dis-

120 2882 254 2939 sensione
277 2885 425 2942 certatum
444 2886 497 2956 est,
521 2884 674 2958 quantam,
699 2882 769 2940 dum
788 2885 943 2941 auctorum
960 2882 1131 2941 testificatio

120 2971 201 3028 certo
224 2969 334 3030 iudicio
358 2971 501 3047 capiendo
525 2991 586 3030 non
609 2971 751 3048 suppetit,
774 2971 806 3029 in
829 2972 1003 3047 quaestione
1025 2971 1131 3047 perob-

119 3075 206 3117 scura
228 3059 320 3118 fuisse
344 3063 573 3120 consentaneum
594 3054 679 3138 esa1)
720 3061 808 3119 Nunc
826 3063 930 3137 postea
949 3081 1039 3136 quam
1057 3080 1131 3136 opus

118 3146 208 3222 illud,
237 3147 321 3206 cuius
346 3149 440 3208 omnis
463 3150 678 3225 propemodum
700 3153 819 3226 praeter
841 3150 966 3208 titulum
989 3150 1132 3208 memoria

119 3236 304 3312 aboleverat,
342 3256 376 3295 ex
410 3237 551 3296 diuturna
583 3239 731 3298 oblivione
764 3239 896 3313 emersit,
931 3240 1132 3298 controversia

118 3325 208 3384 facile
232 3325 421 3385 diiudicatur.
468 3327 591 3386 Errasse
614 3329 708 3405 igitur
732 3346 780 3386 eos
805 3329 942 3404 apparet,
968 3329 1022 3403 qui
1046 3331 1131 3403 quot-

118 3600 145 3655 Η
164 3534 218 3656 bl)
237 3529 276 3585 cf.
296 3530 431 3586 Eutoeius
449 3532 480 3585 in
498 3531 673 3587 Archimedis
696 3530 811 3585 dimens.
827 3530 925 3586 circuli
944 3534 964 3586 t.
979 3532 1018 3616 ΠΙ
1035 3549 1062 3600 p.
1079 3537 1131 3586 2⁷0

145 3618 172 3656 e1
194 3619 251 3672 erg.
