2644 3870
180 165 222 230 86
343 167 493 221 ΗΡΩΝΟΣ
512 167 779 225 mammam
798 167 981 220 ΜΕΤΡΙΚΩΝ
1000 171 1024 219 Α

176 329 338 394 τοσούτου
361 325 398 394 δὲ
421 327 475 393 καὶ
498 328 518 412 ή
541 338 602 394 τοῦ
624 330 807 416 κυλίνδρου
832 328 1017 413 ἐπιφάνεια,
1039 329 1190 395 τουτέστι
1299 367 1301 412 1

175 436 331 519 μονάδων
354 451 404 518 σκ,
428 435 472 512 ὡς
494 433 548 500 καλ
571 434 794 501 ὑποτέτακται.
1300 415 1301 434 ¹

71 575 160 618 somn
244 545 287 620 λζ.
317 542 321 626 Ι
351 542 473 606 Κύνου
495 537 531 606 δὲ
551 543 742 618 λσοσκελοῦς
764 543 825 625 τήν
850 541 1046 627 ἐπιφάνειαν
1072 545 1190 629 μετρή-

177 665 278 732 σομεν
308 647 502 724 ἀκολούθως
530 647 764 725 ἐκπετάσαντες
791 648 907 731 αὐτήν·
936 648 993 714 ἐὰν
1020 650 1083 735 γάρ
1111 652 1190 735 νοή-

177 771 286 838 σωμεν
315 754 435 839 ὁμοίως
462 756 544 819 κατά
572 756 720 839 πλευράν
743 754 1025 840 <άν>ηπλωμένην
1056 754 1111 820 καλ
1141 758 1190 832 είς
1220 772 1233 813 ⁵

176 860 334 926 ἐπίπεδον
357 859 581 945 έκτεταμένην,
605 862 695 925 ἔσται
718 884 768 937 τις
790 861 914 927 κύκλου
937 863 1056 946 τομεύς
1078 863 1188 946 ὥσπερ

176 966 194 1032 ὁ
231 968 397 1053 ΑΒΓ[Λ]
434 969 519 1051 έχων
554 968 616 1050 τήν
651 963 713 1050 μὲν
748 971 814 1031 ΑΒ
850 970 1000 1054 πλευράν
1036 975 1112 1051 ίσην
1148 977 1189 1055 τῇ

175 1079 303 1160 πλευρᾷ
328 1084 389 1139 τοῦ
408 1075 470 1138 κά·
984 1099 985 1102 ’

176 1204 249 1264 νου,
270 1182 331 1264 τήν
349 1177 386 1246 δὲ
404 1184 472 1246 ΒΓ
969 1195 1008 1270 Α

215 1286 428 1374 περιφέρειαν
1204 1305 1231 1344 ιο

176 1399 253 1478 ίσην
292 1403 333 1480 τῇ
377 1415 468 1480 περι-

176 1503 292 1587 νεοείν
323 1509 381 1583 τῆς
410 1499 468 1583 βά-

177 1623 258 1683 σεως
276 1615 335 1672 τοῦ
349 1606 468 1671 κώνου.

177 1712 235 1778 ἐάν
271 1707 333 1778 οὖν
368 1712 470 1777 πάλιν

176 1820 263 1906 δοθῇ
282 1818 302 1902 ή
321 1816 383 1904 μὲν
399 1821 470 1884 διά-

176 1949 294 2011 μετρος
325 1935 383 2009 τής
411 1927 469 2010 βά-
532 1888 698 2052 ·

178 2049 259 2108 σεως
281 2042 341 2098 τοῦ
359 2033 470 2098 κώνου
762 2005 802 2075 B

177 2138 333 2222 μονάδων
366 2140 414 2222 ιδ,
448 2139 469 2222 ή

179 2239 216 2308 δὲ
230 2245 356 2329 πλευρά
370 2247 471 2328 μονά-
763 2273 813 2323 τις.
828 2275 874 2312 ιιι
887 2283 909 2311 u.
918 2271 940 2311 b.

179 2350 249 2414 δων
276 2375 301 2431 ι,
333 2352 424 2415 ἔσται
450 2351 470 2434 ἡ
1202 2369 1229 2409 20

178 2452 241 2541 μὲν
269 2460 337 2521 ΒΓ
363 2457 555 2544 περιφέρεια
582 2461 738 2543 μονάδων
764 2461 825 2544 μδ,
855 2458 875 2542 ή
913 2455 950 2523 δὲ
986 2461 1051 2522 ΑΒ
1087 2456 1188 2541 μονά-

178 2564 248 2628 δων
280 2588 300 2628 ι.
356 2563 518 2629 δέδεικται
550 2561 587 2630 δὲ
614 2563 802 2651 Ἀρχιμήδει
834 2564 871 2630 ἐν
902 2575 940 2651 τῇ
972 2573 1033 2630 τοῦ
1063 2563 1188 2628 κύκλου

177 2673 340 2755 μετρήσει,
364 2670 414 2735 ὅτι
432 2680 495 2747 πᾶς
513 2673 631 2755 τομεὺς
650 2672 768 2756 ήμισύς
787 2671 855 2737 ἐστι
873 2681 934 2737 τοῦ
951 2667 1188 2757 περιεχομένου

177 2775 243 2841 ὑπό
273 2799 309 2842 τε
340 2786 398 2861 τής
424 2786 485 2842 τοῦ
511 2777 634 2862 τομέως
661 2764 872 2865 περιφερείας
898 2776 952 2843 καὶ
980 2786 1037 2860 τής
1065 2775 1100 2841 ἐκ
1127 2784 1188 2841 τοῦ

177 2881 317 2969 κέντρου
335 2892 395 2948 τοῦ
413 2883 548 2968 κύκλου,
567 2880 608 2950 οὗ
626 2886 717 2950 ἔστιν
735 2885 753 2951 ὁ
771 2885 903 2970 τομεύς·
926 2885 963 2949 τὸ
982 2879 1020 2948 δὲ
1038 2883 1103 2948 ὑπὸ
1121 2893 1189 2947 τῶν
1203 2900 1228 2940 25

178 2993 243 3053 ΑΒ
263 2992 331 3053 ΒΓ
346 2988 413 3055 έστλ
431 2990 588 3074 μονάδων
606 3011 665 3056 υπ·
685 2993 722 3056 τὸ
742 2993 806 3077 άρα
825 2991 970 3076 ἐμβαδὸν
987 2998 1048 3055 τοῦ
1066 2986 1189 3072 τομέως

179 3096 269 3160 ἔσται
291 3097 447 3180 μονάδων
470 3114 518 3162 σκ.

245 3207 294 3284 λη.
348 3204 416 3286 Τήν
456 3199 493 3268 δὲ
534 3203 731 3288 ἐπιφάνειαν
770 3213 828 3287 τῆς
861 3207 1003 3288 σφαίρας
1040 3203 1057 3268 ὁ
1089 3201 1188 3277 αὐτὸς

180 3306 355 3395 ἐμέτρησεν
376 3307 573 3395 Ἀρχιμήδης
601 3309 638 3375 ἐν
664 3318 710 3396 τῷ
735 3308 811 3396 περὶ
834 3312 976 3393 σφαίρας
998 3307 1054 3374 καλ
1076 3311 1189 3373 κυλίν-

180 3417 264 3501 δρου
287 3414 316 3503 (Ι
344 3438 369 3482 ο.
389 3416 432 3480 23
459 3420 482 3481 λ.
501 3414 517 3480 Ι
544 3439 573 3500 p.
595 3415 658 3480 136
682 3413 791 3501 Heib.)
814 3414 989 3492 ἀποδείξας
1011 3419 1188 3501 τετραπλα-
1202 3431 1228 3472 ³0

178 3525 276 3588 σίονα
303 3517 409 3589 οὖσαν
430 3532 491 3588 τοῦ
513 3526 670 3607 μεχίστου
692 3523 817 3587 κύκλου
840 3532 906 3586 τῶν
930 3521 966 3585 ἐν
987 3531 1026 3606 τῇ
1051 3524 1188 3606 σφαίρᾳ·
