2654 3868
176 208 241 274 194
310 209 459 263 ΗΡΩΝΟΣ
477 205 744 266 ΑΔΕΞΑΝΔΡΕΩΣ
763 210 850 260 ΠΕΡΙ
867 208 1050 260 ΔΙΟΠΤΡΑΣ

173 369 319 457 ρημένου
340 373 528 455 τυμπανίου
550 368 606 435 καὶ
629 369 875 454 ἐπικαθήμενον
893 368 992 458 αὐτῷ,
1015 367 1049 434 ἐκ
1068 365 1106 433 δὲ
1123 378 1185 434 τοῦ

173 480 241 543 άνω
264 476 386 563 μέρους
407 481 555 543 πλίνθον
577 477 728 563 καθάπερ
750 480 907 561 Δωρικοῦ
930 478 1061 541 κιονέου
1084 476 1185 560 κεφά-

116 651 118 656 ,
172 589 247 650 λιον
285 583 479 671 εὐπρεπείας
511 581 615 649 ἕνεκα.
669 591 714 670 τῷ
747 580 780 646 δ’
818 579 977 668 εἰρημένῳ
1010 582 1185 669 ὀδοντωτῷ

171 693 343 778 τυμπανίφ
365 693 584 777 παρατίθεται
606 689 778 773 κοχλίδιον
798 691 876 773 ἔχον
894 688 955 771 τὴν
973 686 1065 754 ἕλικα
1085 687 1186 774 άρμο-

109 882 113 889 ι
139 843 144 852 .
172 798 253 881 στην
275 808 345 874 τοῖς
367 797 485 863 ὀδοῦσι
507 806 569 862 τοῦ
592 798 787 880 τυμπανίου.
832 796 872 860 τά
891 792 929 860 δὲ
947 797 1107 879 στημάτια
1124 804 1185 860 τοῦ
1216 817 1230 858 ε

171 904 343 988 κοχλιδίου
371 913 507 988 συμφυῆ
532 906 660 987 γίνεται
682 911 729 990 τῷ
752 905 876 986 μειζονι
899 905 1080 989 τυμπανίω.
1126 900 1186 966 ἐὰν

172 1012 236 1095 άρα
258 1009 506 1096 ἐπιστρέφωμεν
529 1011 566 1075 τὸ
591 1008 767 1095 εἰρημένον
788 1008 969 1093 κοχλίδιον,
993 1005 1186 1091 ἐπιστρέψο-

171 1140 232 1201 μεν
259 1116 314 1182 καὶ
342 1118 379 1182 τὸ
408 1115 646 1202 ὠδοντωμένον
673 1116 860 1200 τυμπάνιον
886 1112 941 1179 καὶ
964 1115 1025 1198 τὴν
1048 1124 1184 1200 συμφυῆ

172 1223 260 1312 αὐτῷ
292 1225 466 1309 χοινικίδα.
520 1227 647 1306 γίνεται
681 1219 717 1286 δέ
749 1222 903 1306 συμφυὴς
934 1221 1024 1309 αὐτῷ
1053 1223 1186 1306 τόρμον

170 1341 273 1424 τριῶν
305 1329 493 1415 ἀφιεμένων
526 1329 561 1394 ἐκ
597 1337 655 1412 τῆς
687 1326 786 1413 ἕδρας
817 1335 875 1411 τῆς
910 1328 1093 1412 χοινικίδος
1129 1326 1184 1393 καὶ
1200 1350 1228 1389 10
1317 1401 1318 1406 γ

144 1435 463 1520 Χσυχκοινουμένων
490 1435 580 1521 αὐτῷ
607 1443 653 1522 τῷ
681 1438 861 1521 τυμπανίφ.
910 1434 1072 1518 λαμβάνει
1099 1429 1136 1498 δὲ
1166 1434 1184 1500 ὁ

170 1546 303 1628 κοχλίας
330 1542 412 1606 κατὰ
439 1549 542 1624 μῆκος
569 1545 701 1624 σωληνα
723 1541 827 1624 πάχος
850 1541 967 1623 ἔχοντα
990 1539 1071 1605 ὅσον
1095 1538 1185 1605 ἐστὶν

170 1648 207 1713 τὸ
230 1657 287 1731 τῆς
310 1646 417 1723 ἕλικος
441 1646 544 1712 αὐτοῦ
567 1647 687 1730 βάθος·
712 1645 836 1712 οὐκοῦν
859 1644 918 1710 ἐάν
936 1644 1185 1731 ἐπιστρέψωμεν

110 1739 112 1744 ’
170 1755 230 1819 τὸν
251 1757 399 1838 κοχλίαν,
427 1752 563 1839 άχριςὸ
593 1751 765 1838 εἰρημένος
787 1751 824 1817 ἐν
852 1750 942 1839 αὐτῷ
969 1754 1080 1836 σωλὴν
1102 1754 1184 1818 κατά

170 1861 248 1937 τοὺς
257 1861 397 1937 ὀδόντας
406 1870 466 1926 τοῦ
480 1860 711 1944 τυ<μ>πανίου
720 1857 865 1942 γένηται,
876 1859 946 1944 λδίηι
960 1859 1182 1943 στραφησεται
1197 1881 1224 1922 τε

170 1969 207 2033 τὸ
227 1968 421 2053 τυμπάνιον.
457 1969 720 2050 καταστήσαντες
738 1961 800 2032 οὖν
824 1965 904 2031 αὐτὸ
928 1966 973 2041 ὡς
991 1963 1033 2030 δν
1051 1964 1071 2048 η
1090 1968 1184 2052 χρεία

170 2074 301 2160 άπαιτη,
324 2072 565 2159 ἐπιστρέφομεν
582 2075 642 2138 τὸν
660 2075 798 2157 κοχλίαν
816 2073 934 2159 βραχύ,
957 2072 1040 2136 ὥστε
1064 2070 1184 2155 ἐμπλα-

119 2259 121 2265 ,
169 2189 266 2265 κῆναι
288 2182 350 2264 τὴν
373 2179 465 2246 ἕλικα
486 2191 556 2256 τοῖς
578 2179 728 2263 ὀδοῦσιν,
751 2175 806 2244 καὶ
830 2178 936 2256 οὕτως
958 2188 1051 2262 μενεῖ
1070 2176 1184 2261 ἀκίνη-

170 2311 230 2352 τον
253 2273 290 2352 τὸ
313 2287 509 2370 τυμπάνιον.

74 2423 98 2460 ε.
112 2414 153 2453 ιεο
228 2393 335 2459 Ἔστω
361 2388 482 2458 οὖντὸ
506 2388 568 2477 μὲν
589 2391 666 2479 περὶ
689 2393 748 2456 τὸν
771 2394 897 2476 τόρμον
919 2392 1106 2476 τυμπάνιον
1129 2389 1184 2457 καὶ
1197 2412 1225 2452 το

171 2497 321 2587 συμφυὲς
343 2508 388 2588 τῷ
409 2511 507 2581 παγεί
527 2501 563 2565 τὸ
584 2503 660 2582 ΑΒ,
683 2499 720 2563 τὸ
741 2495 778 2563 δὲ
797 2494 948 2583 συμφυὲς
965 2507 1004 2584 τη
1024 2499 1183 2582 χοινικίδι

170 2609 207 2673 τὸ
237 2610 263 2672 I
269 2612 316 2690 A,
344 2605 363 2671 δ
387 2603 424 2670 δὲ
450 2610 689 2693 παρακείμενος
718 2605 824 2693 τούτῳ
853 2608 986 2689 κοχλίας
1015 2604 1032 2669 ὁ
1056 2608 1135 2689 ΕΖ,
1161 2605 1182 2688 ἡ

171 2709 208 2778 δέ
232 2712 384 2797 συμφυὴς
406 2711 547 2797 χοινικίς
570 2721 614 2800 τῷ
635 2715 701 2776 ΓΔ
722 2714 894 2799 τυμπανέω
916 2710 936 2794 η
959 2715 998 2775 Η
1001 2714 1039 2795 Θ,
1062 2714 1183 2797 ἐχουσα

171 2819 392 2904 ἐπικείμενον,
420 2819 464 2896 ὡς
492 2825 634 2905 είρηται,
666 2820 824 2905 Δωρικὸν
851 2818 1012 2902 κεφάλιον
1039 2819 1076 2883 τὸ
1104 2821 1181 2883 ΚΛ.

171 2925 223 2995 ἐπὶ
253 2923 290 2992 δέ
322 2935 380 3009 τῆς
411 2929 560 2992 πλίνθου
592 2924 757 3010 ἐφεστάτω
791 2925 853 2990 δύο
886 2929 990 3009 χαλκᾶ
1022 2926 1182 3009 στημάτια
1196 2944 1221 2985 ετ

169 3035 320 3119 καθάπερ
353 3035 505 3116 κανόνια,
539 3031 702 3117 άπέχοντα
734 3029 788 3096 ἀπ’
826 3030 979 3114 ἀλλήλων
1010 3039 1182 3116 τοσοῦτον,

170 3141 253 3206 ὥστε
286 3142 333 3216 είς
360 3141 419 3205 τὸν
445 3137 565 3226 μεταξὺ
593 3142 697 3204 τόπον
725 3137 835 3208 αὐτῶν
861 3138 965 3222 πάχος
994 3140 1182 3222 τυμπανίου

170 3247 338 3313 δύνασθαι
365 3247 623 3333 ἐναρμοσθηναι.
668 3243 722 3310 ἐπὶ
751 3241 788 3309 δὲ
810 3253 868 3329 τῆς
889 3248 1038 3310 πλίνθον
1060 3243 1181 3329 μεταξὺ

241 3445 257 3494 2
276 3443 390 3495 κιωνίου
443 3446 514 3495 4-6
534 3436 688 3508 άρμοστὴνε
707 3456 725 3505 η
740 3453 773 3491 ex
788 3454 814 3490 ει
826 3434 902 3490 feeit.
916 3442 979 3490 m.1
1036 3441 1104 3490 7-8
1120 3454 1182 3490 επι-

170 3524 331 3582 στρεφωμεν
421 3517 454 3566 16
472 3528 612 3566 τνπανιον
631 3505 747 3578 γένηται
765 3503 782 3574 ἣ
802 3507 1054 3576 διαστραφήσεταιε
1074 3506 1181 3561 correxi

207 3588 239 3638 1⁷
259 3595 466 3653 επιστρεψωμεν
