<?xml version="1.0" encoding="UTF-8"?>
<!DOCTYPE html PUBLIC "-//W3C//DTD XHTML 1.0 Transitional//EN"
    "http://www.w3.org/TR/xhtml1/DTD/xhtml1-transitional.dtd">
<html xmlns="http://www.w3.org/1999/xhtml" xml:lang="en" lang="en">
 <head>
  <title>
</title>
<meta http-equiv="Content-Type" content="text/html;charset=utf-8" />
  <meta name='ocr-system' content='tesseract 3.04.00' />
  <meta name='ocr-capabilities' content='ocr_page ocr_carea ocr_par ocr_line ocrx_word'/>
</head>
<body>
  <div class='ocr_page' id='page_1' title='image "./heronisalexandr00schogoog_0127.png"; bbox 0 0 2644 3870; ppageno 0'>
   <div class='ocr_carea' id='block_1_1' title="bbox 188 184 1029 251">
    <p class='ocr_par' dir='ltr' id='par_1_1' title="bbox 188 184 1029 251">
     <span class='ocr_line' id='line_1_1' title="bbox 188 184 1029 251; baseline -0.007 -9"><span class='ocrx_word' id='word_1_1' title='bbox 188 186 252 251; x_wconf 89' lang='lat'><em>110</em></span> <span class='ocrx_word' id='word_1_2' title='bbox 352 188 501 239; x_wconf 79' lang='grc' dir='ltr'>ΗΡΩΝΟΣ</span> <span class='ocrx_word' id='word_1_3' title='bbox 519 184 786 243; x_wconf 75' lang='grc' dir='ltr'><strong>ΑΛΕΞΑΝΔΡΕΩΣ</strong></span> <span class='ocrx_word' id='word_1_4' title='bbox 805 185 990 236; x_wconf 76' lang='grc' dir='ltr'>ΜΕΊῬΙΚΩΝ</span> <span class='ocrx_word' id='word_1_5' title='bbox 1008 188 1029 236; x_wconf 94' lang='grc' dir='ltr'><em>Β</em></span> 
     </span>
    </p>
   </div>
   <div class='ocr_carea' id='block_1_2' title="bbox 183 343 1240 2663">
    <p class='ocr_par' dir='ltr' id='par_1_2' title="bbox 183 343 1240 2663">
     <span class='ocr_line' id='line_1_2' title="bbox 185 343 1200 432; baseline -0.002 -19"><span class='ocrx_word' id='word_1_6' title='bbox 185 348 343 414; x_wconf 78' lang='grc' dir='ltr'><em>ἐπιπέδου</em></span> <span class='ocrx_word' id='word_1_7' title='bbox 366 348 506 423; x_wconf 79' lang='grc' dir='ltr'><em>κάθετος</em></span> <span class='ocrx_word' id='word_1_8' title='bbox 529 345 672 431; x_wconf 75' lang='grc' dir='ltr'><em>ἀγομένη</em></span> <span class='ocrx_word' id='word_1_9' title='bbox 697 343 750 410; x_wconf 85' lang='grc' dir='ltr'><em>ἐπὶ</em></span> <span class='ocrx_word' id='word_1_10' title='bbox 772 346 809 410; x_wconf 86' lang='grc' dir='ltr'><em>τὸ</em></span> <span class='ocrx_word' id='word_1_11' title='bbox 833 355 893 410; x_wconf 87' lang='grc' dir='ltr'><em>τοῦ</em></span> <span class='ocrx_word' id='word_1_12' title='bbox 912 349 1015 410; x_wconf 91' lang='grc' dir='ltr'><em>ΑΒΓ</em></span> <span class='ocrx_word' id='word_1_13' title='bbox 1031 347 1200 432; x_wconf 81' lang='grc' dir='ltr'><em>τριγώνου</em></span> 
     </span>
     <span class='ocr_line' id='line_1_3' title="bbox 185 451 1198 539; baseline -0.003 -20"><span class='ocrx_word' id='word_1_14' title='bbox 185 454 356 520; x_wconf 85' lang='grc' dir='ltr'><em>ἐπίπεδον.</em></span> <span class='ocrx_word' id='word_1_15' title='bbox 384 451 454 518; x_wconf 80' lang='grc' dir='ltr'><em>ἐπεὶ</em></span> <span class='ocrx_word' id='word_1_16' title='bbox 481 455 544 539; x_wconf 83' lang='grc' dir='ltr'><em>γὰρ</em></span> <span class='ocrx_word' id='word_1_17' title='bbox 571 453 780 537; x_wconf 79' lang='grc' dir='ltr'><em>παράλληλός</em></span> <span class='ocrx_word' id='word_1_18' title='bbox 808 451 898 517; x_wconf 83' lang='grc' dir='ltr'><em>ἐστιν</em></span> <span class='ocrx_word' id='word_1_19' title='bbox 925 451 945 535; x_wconf 76' lang='grc' dir='ltr'><em>ἡ</em></span> <span class='ocrx_word' id='word_1_20' title='bbox 973 455 1043 516; x_wconf 93' lang='grc' dir='ltr'><em>ΑΓ</em></span> <span class='ocrx_word' id='word_1_21' title='bbox 1064 462 1103 538; x_wconf 76' lang='grc' dir='ltr'><em>τῇ</em></span> <span class='ocrx_word' id='word_1_22' title='bbox 1132 457 1198 516; x_wconf 86' lang='grc' dir='ltr'><em>ΒΖ</em></span> 
     </span>
     <span class='ocr_line' id='line_1_4' title="bbox 184 557 1197 645; baseline 0 -21"><span class='ocrx_word' id='word_1_23' title='bbox 184 557 239 624; x_wconf 82' lang='grc' dir='ltr'><em>καὶ</em></span> <span class='ocrx_word' id='word_1_24' title='bbox 262 563 381 644; x_wconf 78' lang='grc' dir='ltr'><em>μείζων</em></span> <span class='ocrx_word' id='word_1_25' title='bbox 403 559 423 643; x_wconf 75' lang='grc' dir='ltr'><em>ἡ</em></span> <span class='ocrx_word' id='word_1_26' title='bbox 447 563 514 623; x_wconf 94' lang='grc' dir='ltr'><em>ΒΓ</em></span> <span class='ocrx_word' id='word_1_27' title='bbox 510 608 520 642; x_wconf 77' lang='lat'>,</span> <span class='ocrx_word' id='word_1_28' title='bbox 543 560 577 624; x_wconf 77' lang='grc' dir='ltr'><em>αἱ</em></span> <span class='ocrx_word' id='word_1_29' title='bbox 600 560 664 645; x_wconf 75' lang='grc' dir='ltr'><em>ἄρα</em></span> <span class='ocrx_word' id='word_1_30' title='bbox 686 563 752 622; x_wconf 87' lang='grc' dir='ltr'><em>ΒΕ</em></span> <span class='ocrx_word' id='word_1_31' title='bbox 772 560 834 622; x_wconf 92' lang='grc' dir='ltr'><em>ΓΖ</em></span> <span class='ocrx_word' id='word_1_32' title='bbox 857 558 1091 644; x_wconf 80' lang='grc' dir='ltr'><em>ἐκβαλλόμεναι</em></span> <span class='ocrx_word' id='word_1_33' title='bbox 1115 576 1197 643; x_wconf 91' lang='grc' dir='ltr'><em>συμ-</em></span> 
     </span>
     <span class='ocr_line' id='line_1_5' title="bbox 184 662 1197 750; baseline 0 -19"><span class='ocrx_word' id='word_1_34' title='bbox 184 676 371 732; x_wconf 84' lang='grc' dir='ltr'><em>πεσοῦνται.</em></span> <span class='ocrx_word' id='word_1_35' title='bbox 417 664 690 750; x_wconf 78' lang='grc' dir='ltr'><strong><em>συμπιπτέτωσαν</em></strong></span> <span class='ocrx_word' id='word_1_36' title='bbox 716 667 798 730; x_wconf 83' lang='grc' dir='ltr'><em>κατὰ</em></span> <span class='ocrx_word' id='word_1_37' title='bbox 822 665 859 729; x_wconf 86' lang='grc' dir='ltr'><em>τὸ</em></span> <span class='ocrx_word' id='word_1_38' title='bbox 884 669 926 729; x_wconf 92' lang='grc' dir='ltr'><em>Η.</em></span> <span class='ocrx_word' id='word_1_39' title='bbox 972 662 1056 747; x_wconf 81' lang='grc' dir='ltr'><em>λέγω</em></span> <span class='ocrx_word' id='word_1_40' title='bbox 1080 666 1121 748; x_wconf 80' lang='grc' dir='ltr'><em>δὴ</em></span> <span class='ocrx_word' id='word_1_41' title='bbox 1145 666 1197 731; x_wconf 84' lang='grc' dir='ltr'><em>ὅτι</em></span> 
     </span>
     <span class='ocr_line' id='line_1_6' title="bbox 184 769 1240 856; baseline -0.001 -21"><span class='ocrx_word' id='word_1_42' title='bbox 184 769 239 836; x_wconf 86' lang='grc' dir='ltr'><em>καὶ</em></span> <span class='ocrx_word' id='word_1_43' title='bbox 275 771 295 854; x_wconf 80' lang='grc' dir='ltr'>ἡ</span> <span class='ocrx_word' id='word_1_44' title='bbox 329 777 398 836; x_wconf 99' lang='grc' dir='ltr'><em>ΑΔ</em></span> <span class='ocrx_word' id='word_1_45' title='bbox 430 771 694 856; x_wconf 81' lang='grc' dir='ltr'><em>ἐκβαλ&lt;λ&gt;ομένη</em></span> <span class='ocrx_word' id='word_1_46' title='bbox 727 782 937 855; x_wconf 83' lang='grc' dir='ltr'><em>συμπεσεῖται</em></span> <span class='ocrx_word' id='word_1_47' title='bbox 968 773 1050 836; x_wconf 85' lang='grc' dir='ltr'><em>πατδι</em></span> <span class='ocrx_word' id='word_1_48' title='bbox 1081 772 1118 836; x_wconf 86' lang='grc' dir='ltr'><em>τὸ</em></span> <span class='ocrx_word' id='word_1_49' title='bbox 1153 775 1195 836; x_wconf 91' lang='grc' dir='ltr'><em>Η.</em></span> <span class='ocrx_word' id='word_1_50' title='bbox 1225 791 1240 832; x_wconf 79' lang='lat'><strong>5</strong></span> 
     </span>
     <span class='ocr_line' id='line_1_7' title="bbox 185 873 1196 963; baseline -0.003 -20"><span class='ocrx_word' id='word_1_51' title='bbox 185 879 236 943; x_wconf 81' lang='grc' dir='ltr'><em>ὅτι</em></span> <span class='ocrx_word' id='word_1_52' title='bbox 265 875 327 963; x_wconf 70' lang='grc' dir='ltr'><em>μὲν</em></span> <span class='ocrx_word' id='word_1_53' title='bbox 350 873 412 943; x_wconf 83' lang='grc' dir='ltr'><em>οὖν</em></span> <span class='ocrx_word' id='word_1_54' title='bbox 436 876 570 962; x_wconf 80' lang='grc' dir='ltr'><em>ἑκατέρα</em></span> <span class='ocrx_word' id='word_1_55' title='bbox 593 889 660 942; x_wconf 83' lang='grc' dir='ltr'><em>τῶν</em></span> <span class='ocrx_word' id='word_1_56' title='bbox 683 881 749 942; x_wconf 85' lang='grc' dir='ltr'><em>ΒΕ</em></span> <span class='ocrx_word' id='word_1_57' title='bbox 770 880 832 943; x_wconf 94' lang='grc' dir='ltr'><em>ΓΖ</em></span> <span class='ocrx_word' id='word_1_58' title='bbox 855 881 1032 962; x_wconf 81' lang='grc' dir='ltr'><em>συμπίπτει</em></span> <span class='ocrx_word' id='word_1_59' title='bbox 1055 886 1096 962; x_wconf 73' lang='grc' dir='ltr'><em>τῇ</em></span> <span class='ocrx_word' id='word_1_60' title='bbox 1118 882 1196 960; x_wconf 81' lang='grc' dir='ltr'><em>ΑΔ,</em></span> 
     </span>
     <span class='ocr_line' id='line_1_8' title="bbox 185 979 1195 1069; baseline 0 -21"><span class='ocrx_word' id='word_1_61' title='bbox 185 986 333 1069; x_wconf 81' lang='grc' dir='ltr'><em>φανερόν</em></span> <span class='ocrx_word' id='word_1_62' title='bbox 360 985 417 1048; x_wconf 82' lang='grc' dir='ltr'><em>διὰ</em></span> <span class='ocrx_word' id='word_1_63' title='bbox 443 985 480 1048; x_wconf 90' lang='grc' dir='ltr'><em>τὸ</em></span> <span class='ocrx_word' id='word_1_64' title='bbox 509 980 595 1049; x_wconf 80' lang='grc' dir='ltr'><em>εἶναι</em></span> <span class='ocrx_word' id='word_1_65' title='bbox 622 985 684 1066; x_wconf 79' lang='grc' dir='ltr'><em>τὴν</em></span> <span class='ocrx_word' id='word_1_66' title='bbox 710 979 772 1068; x_wconf 70' lang='grc' dir='ltr'><em>μέν</em></span> <span class='ocrx_word' id='word_1_67' title='bbox 795 988 859 1047; x_wconf 93' lang='grc' dir='ltr'><em>ΑΒ</em></span> <span class='ocrx_word' id='word_1_68' title='bbox 882 988 1015 1068; x_wconf 80' lang='grc' dir='ltr'><em>μείζονα</em></span> <span class='ocrx_word' id='word_1_69' title='bbox 1037 993 1094 1067; x_wconf 79' lang='grc' dir='ltr'><em>τῆς</em></span> <span class='ocrx_word' id='word_1_70' title='bbox 1119 988 1195 1066; x_wconf 82' lang='grc' dir='ltr'><em>ΔΕ,</em></span> 
     </span>
     <span class='ocr_line' id='line_1_9' title="bbox 184 1086 1194 1175; baseline -0.001 -20"><span class='ocrx_word' id='word_1_71' title='bbox 184 1090 245 1172; x_wconf 80' lang='grc' dir='ltr'><em>τὴν</em></span> <span class='ocrx_word' id='word_1_72' title='bbox 272 1086 309 1154; x_wconf 75' lang='grc' dir='ltr'><em>δὲ</em></span> <span class='ocrx_word' id='word_1_73' title='bbox 332 1093 402 1154; x_wconf 92' lang='grc' dir='ltr'><em>ΑΓ</em></span> <span class='ocrx_word' id='word_1_74' title='bbox 423 1099 481 1174; x_wconf 78' lang='grc' dir='ltr'><em>τῆς</em></span> <span class='ocrx_word' id='word_1_75' title='bbox 504 1095 579 1154; x_wconf 91' lang='grc' dir='ltr'><em>ΔΖ.</em></span> <span class='ocrx_word' id='word_1_76' title='bbox 625 1088 709 1171; x_wconf 82' lang='grc' dir='ltr'><em>λέγω</em></span> <span class='ocrx_word' id='word_1_77' title='bbox 733 1089 784 1154; x_wconf 80' lang='grc' dir='ltr'><em>ὅτι</em></span> <span class='ocrx_word' id='word_1_78' title='bbox 807 1091 948 1155; x_wconf 82' lang='grc' dir='ltr'><em>κατὰτὸ</em></span> <span class='ocrx_word' id='word_1_79' title='bbox 973 1094 1014 1154; x_wconf 90' lang='grc' dir='ltr'><em>Η.</em></span> <span class='ocrx_word' id='word_1_80' title='bbox 1038 1088 1108 1156; x_wconf 88' lang='grc' dir='ltr'><em>ἐπεὶ</em></span> <span class='ocrx_word' id='word_1_81' title='bbox 1131 1092 1194 1175; x_wconf 83' lang='grc' dir='ltr'><em>γὰρ</em></span> 
     </span>
     <span class='ocr_line' id='line_1_10' title="bbox 187 1195 1195 1284; baseline 0.001 -24"><span class='ocrx_word' id='word_1_82' title='bbox 187 1199 298 1260; x_wconf 85' lang='grc' dir='ltr'><em>ΑΔΗ</em></span> <span class='ocrx_word' id='word_1_83' title='bbox 321 1207 438 1281; x_wconf 79' lang='grc' dir='ltr'><em>σημεῖα</em></span> <span class='ocrx_word' id='word_1_84' title='bbox 465 1199 502 1260; x_wconf 84' lang='grc' dir='ltr'><em>έν</em></span> <span class='ocrx_word' id='word_1_85' title='bbox 528 1220 563 1261; x_wconf 88' lang='grc' dir='ltr'><em>τε</em></span> <span class='ocrx_word' id='word_1_86' title='bbox 590 1205 636 1284; x_wconf 78' lang='grc' dir='ltr'><em>τῷ</em></span> <span class='ocrx_word' id='word_1_87' title='bbox 664 1197 720 1260; x_wconf 80' lang='grc' dir='ltr'><em>διὰ</em></span> <span class='ocrx_word' id='word_1_88' title='bbox 744 1208 812 1261; x_wconf 83' lang='grc' dir='ltr'><em>τῶν</em></span> <span class='ocrx_word' id='word_1_89' title='bbox 834 1200 900 1261; x_wconf 91' lang='grc' dir='ltr'><em>ΑΒ</em></span> <span class='ocrx_word' id='word_1_90' title='bbox 923 1201 992 1261; x_wconf 85' lang='grc' dir='ltr'><em>ΔΕ</em></span> <span class='ocrx_word' id='word_1_91' title='bbox 1012 1195 1103 1261; x_wconf 83' lang='grc' dir='ltr'><em>ἐστὶν</em></span> <span class='ocrx_word' id='word_1_92' title='bbox 1126 1196 1195 1262; x_wconf 89' lang='grc' dir='ltr'><em>ἐπι-</em></span> 
     </span>
     <span class='ocr_line' id='line_1_11' title="bbox 184 1300 1237 1389; baseline -0.003 -23"><span class='ocrx_word' id='word_1_93' title='bbox 184 1301 272 1388; x_wconf 79' lang='grc' dir='ltr'><em>πέδῳ</em></span> <span class='ocrx_word' id='word_1_94' title='bbox 300 1300 355 1366; x_wconf 82' lang='grc' dir='ltr'><em>καὶ</em></span> <span class='ocrx_word' id='word_1_95' title='bbox 383 1301 420 1366; x_wconf 85' lang='grc' dir='ltr'><em>ἐν</em></span> <span class='ocrx_word' id='word_1_96' title='bbox 444 1311 489 1389; x_wconf 76' lang='grc' dir='ltr'><em>τῷ</em></span> <span class='ocrx_word' id='word_1_97' title='bbox 513 1303 568 1367; x_wconf 88' lang='grc' dir='ltr'><em>διδι</em></span> <span class='ocrx_word' id='word_1_98' title='bbox 591 1313 658 1366; x_wconf 83' lang='grc' dir='ltr'><em>τῶν</em></span> <span class='ocrx_word' id='word_1_99' title='bbox 681 1305 750 1366; x_wconf 92' lang='grc' dir='ltr'><em>ΑΓ</em></span> <span class='ocrx_word' id='word_1_100' title='bbox 768 1308 801 1367; x_wconf 96' lang='grc' dir='ltr'><em>Δ</em></span> <span class='ocrx_word' id='word_1_101' title='bbox 809 1308 850 1386; x_wconf 80' lang='grc' dir='ltr'><em>Ζ,</em></span> <span class='ocrx_word' id='word_1_102' title='bbox 878 1302 994 1368; x_wconf 84' lang='grc' dir='ltr'><em>εὐθεῖα</em></span> <span class='ocrx_word' id='word_1_103' title='bbox 1018 1306 1080 1389; x_wconf 79' lang='grc' dir='ltr'><em>ἄρα</em></span> <span class='ocrx_word' id='word_1_104' title='bbox 1104 1301 1193 1368; x_wconf 80' lang='grc' dir='ltr'><em>ἐστὶν</em></span> <span class='ocrx_word' id='word_1_105' title='bbox 1209 1325 1237 1363; x_wconf 89' lang='lat'><em>10</em></span> 
     </span>
     <span class='ocr_line' id='line_1_12' title="bbox 184 1406 1199 1492; baseline 0.001 -20"><span class='ocrx_word' id='word_1_106' title='bbox 184 1407 204 1491; x_wconf 86' lang='grc' dir='ltr'><em>ἡ</em></span> <span class='ocrx_word' id='word_1_107' title='bbox 229 1411 345 1472; x_wconf 87' lang='grc' dir='ltr'><em>ΑΔΗ</em></span> <span class='ocrx_word' id='word_1_108' title='bbox 386 1410 480 1492; x_wconf 75' lang='grc' dir='ltr'><em>ἤχθω</em></span> <span class='ocrx_word' id='word_1_109' title='bbox 504 1408 545 1490; x_wconf 86' lang='grc' dir='ltr'><em>δὴ</em></span> <span class='ocrx_word' id='word_1_110' title='bbox 568 1408 632 1472; x_wconf 90' lang='grc' dir='ltr'><em>ιἰπὸ</em></span> <span class='ocrx_word' id='word_1_111' title='bbox 655 1416 715 1473; x_wconf 85' lang='grc' dir='ltr'><em>τοῦ</em></span> <span class='ocrx_word' id='word_1_112' title='bbox 739 1412 778 1471; x_wconf 93' lang='grc' dir='ltr'>Η</span> <span class='ocrx_word' id='word_1_113' title='bbox 794 1409 935 1484; x_wconf 83' lang='grc' dir='ltr'><em>κάθετος</em></span> <span class='ocrx_word' id='word_1_114' title='bbox 959 1406 1012 1473; x_wconf 79' lang='grc' dir='ltr'><em>ἐπὶ</em></span> <span class='ocrx_word' id='word_1_115' title='bbox 1034 1409 1071 1473; x_wconf 86' lang='grc' dir='ltr'><em>τὸ</em></span> <span class='ocrx_word' id='word_1_116' title='bbox 1094 1412 1199 1473; x_wconf 89' lang='grc' dir='ltr'><em>ΑΒΓ</em></span> 
     </span>
     <span class='ocr_line' id='line_1_13' title="bbox 185 1511 1195 1602; baseline 0 -24"><span class='ocrx_word' id='word_1_117' title='bbox 185 1513 343 1579; x_wconf 83' lang='grc' dir='ltr'><em>ἐπίπεδον</em></span> <span class='ocrx_word' id='word_1_118' title='bbox 378 1512 433 1579; x_wconf 76' lang='grc' dir='ltr'><em>καὶ</em></span> <span class='ocrx_word' id='word_1_119' title='bbox 466 1512 651 1598; x_wconf 79' lang='grc' dir='ltr'><em>ἐμβαλλέτω</em></span> <span class='ocrx_word' id='word_1_120' title='bbox 683 1516 764 1579; x_wconf 78' lang='grc' dir='ltr'><em>κατὰ</em></span> <span class='ocrx_word' id='word_1_121' title='bbox 796 1515 832 1580; x_wconf 93' lang='grc' dir='ltr'><em>τὸ</em></span> <span class='ocrx_word' id='word_1_122' title='bbox 868 1518 910 1597; x_wconf 80' lang='grc' dir='ltr'><em>Θ,</em></span> <span class='ocrx_word' id='word_1_123' title='bbox 947 1522 992 1602; x_wconf 75' lang='grc' dir='ltr'><em>τῷ</em></span> <span class='ocrx_word' id='word_1_124' title='bbox 1024 1511 1062 1578; x_wconf 76' lang='grc' dir='ltr'><em>δέ</em></span> <span class='ocrx_word' id='word_1_125' title='bbox 1093 1519 1195 1579; x_wconf 89' lang='grc' dir='ltr'><em>ΔΕΖ</em></span> 
     </span>
     <span class='ocr_line' id='line_1_14' title="bbox 183 1618 1196 1706; baseline 0.001 -22"><span class='ocrx_word' id='word_1_126' title='bbox 183 1621 317 1685; x_wconf 82' lang='grc' dir='ltr'><em>κατὰτὸ</em></span> <span class='ocrx_word' id='word_1_127' title='bbox 332 1623 377 1683; x_wconf 88' lang='grc' dir='ltr'><em>Κ·</em></span> <span class='ocrx_word' id='word_1_128' title='bbox 395 1618 450 1684; x_wconf 76' lang='grc' dir='ltr'><em>καὶ</em></span> <span class='ocrx_word' id='word_1_129' title='bbox 466 1619 714 1704; x_wconf 80' lang='grc' dir='ltr'><em>ἐπεζεύχθωσαν</em></span> <span class='ocrx_word' id='word_1_130' title='bbox 728 1622 762 1686; x_wconf 85' lang='grc' dir='ltr'><em>αί</em></span> <span class='ocrx_word' id='word_1_131' title='bbox 777 1622 964 1703; x_wconf 82' lang='grc' dir='ltr'>ΓΘ&lt;ΖΚ&gt;.</span> <span class='ocrx_word' id='word_1_132' title='bbox 986 1621 1196 1706; x_wconf 81' lang='grc' dir='ltr'><em>παράλληλος</em></span> 
     </span>
     <span class='ocr_line' id='line_1_15' title="bbox 185 1724 1195 1812; baseline -0.001 -22"><span class='ocrx_word' id='word_1_133' title='bbox 185 1728 248 1811; x_wconf 79' lang='grc' dir='ltr'><em>ἄρα</em></span> <span class='ocrx_word' id='word_1_134' title='bbox 281 1724 371 1791; x_wconf 88' lang='grc' dir='ltr'><em>ἐστὶν</em></span> <span class='ocrx_word' id='word_1_135' title='bbox 402 1725 422 1809; x_wconf 78' lang='grc' dir='ltr'><strong><em>ἡ</em></strong></span> <span class='ocrx_word' id='word_1_136' title='bbox 453 1729 517 1791; x_wconf 92' lang='grc' dir='ltr'><em>ΓΘ</em></span> <span class='ocrx_word' id='word_1_137' title='bbox 548 1737 587 1812; x_wconf 77' lang='grc' dir='ltr'><em>τῇ</em></span> <span class='ocrx_word' id='word_1_138' title='bbox 617 1730 693 1790; x_wconf 87' lang='grc' dir='ltr'><em>ΖΚ·</em></span> <span class='ocrx_word' id='word_1_139' title='bbox 725 1727 809 1793; x_wconf 76' lang='grc' dir='ltr'><em>ἄλλα</em></span> <span class='ocrx_word' id='word_1_140' title='bbox 835 1725 890 1792; x_wconf 79' lang='grc' dir='ltr'><em>καὶ</em></span> <span class='ocrx_word' id='word_1_141' title='bbox 916 1727 937 1810; x_wconf 78' lang='grc' dir='ltr'><em>ἡ</em></span> <span class='ocrx_word' id='word_1_142' title='bbox 964 1731 1032 1791; x_wconf 91' lang='grc' dir='ltr'><em>ΒΓ</em></span> <span class='ocrx_word' id='word_1_143' title='bbox 1053 1737 1092 1812; x_wconf 76' lang='grc' dir='ltr'><em>τῇ</em></span> <span class='ocrx_word' id='word_1_144' title='bbox 1122 1731 1195 1790; x_wconf 89' lang='lat' dir='ltr'><em>EZ.</em></span> 
     </span>
     <span class='ocr_line' id='line_1_16' title="bbox 184 1833 1236 1919; baseline -0.003 -22"><span class='ocrx_word' id='word_1_145' title='bbox 184 1835 275 1897; x_wconf 86' lang='grc' dir='ltr'><em>ἐσται</em></span> <span class='ocrx_word' id='word_1_146' title='bbox 307 1834 372 1917; x_wconf 77' lang='grc' dir='ltr'><em>ἄρα</em></span> <span class='ocrx_word' id='word_1_147' title='bbox 403 1833 447 1909; x_wconf 79' lang='grc' dir='ltr'><em>ὡς</em></span> <span class='ocrx_word' id='word_1_148' title='bbox 478 1833 498 1916; x_wconf 74' lang='grc' dir='ltr'><strong><em>ἡ</em></strong></span> <span class='ocrx_word' id='word_1_149' title='bbox 527 1836 594 1897; x_wconf 94' lang='grc' dir='ltr'><em>ΒΓ</em></span> <span class='ocrx_word' id='word_1_150' title='bbox 616 1834 699 1919; x_wconf 89' lang='grc' dir='ltr'><em>πρὸς</em></span> <span class='ocrx_word' id='word_1_151' title='bbox 726 1838 804 1917; x_wconf 80' lang='grc' dir='ltr'><em>ΕΖ,</em></span> <span class='ocrx_word' id='word_1_152' title='bbox 837 1833 940 1910; x_wconf 79' lang='grc' dir='ltr'><em>οὕτως</em></span> <span class='ocrx_word' id='word_1_153' title='bbox 967 1834 987 1916; x_wconf 80' lang='grc' dir='ltr'>ἡ</span> <span class='ocrx_word' id='word_1_154' title='bbox 1016 1837 1089 1897; x_wconf 90' lang='grc' dir='ltr'><em>ΓΗ</em></span> <span class='ocrx_word' id='word_1_155' title='bbox 1111 1834 1195 1918; x_wconf 89' lang='grc' dir='ltr'><em>πρὸς</em></span> <span class='ocrx_word' id='word_1_156' title='bbox 1209 1855 1236 1895; x_wconf 81' lang='lat'><em>15</em></span> 
     </span>
     <span class='ocr_line' id='line_1_17' title="bbox 185 1937 1199 2025; baseline 0.002 -24"><span class='ocrx_word' id='word_1_157' title='bbox 185 1942 267 2021; x_wconf 77' lang='grc' dir='ltr'><em>ΗΖ,</em></span> <span class='ocrx_word' id='word_1_158' title='bbox 295 1937 466 2004; x_wconf 78' lang='grc' dir='ltr'><em>τουτέστιν</em></span> <span class='ocrx_word' id='word_1_159' title='bbox 492 1939 512 2022; x_wconf 78' lang='grc' dir='ltr'><em>ἡ</em></span> <span class='ocrx_word' id='word_1_160' title='bbox 538 1943 611 2004; x_wconf 92' lang='grc' dir='ltr'><em>ΘΗ</em></span> <span class='ocrx_word' id='word_1_161' title='bbox 634 1941 716 2025; x_wconf 83' lang='grc' dir='ltr'><em>πρὸς</em></span> <span class='ocrx_word' id='word_1_162' title='bbox 739 1943 817 2004; x_wconf 88' lang='grc' dir='ltr'><em>ΗΚ.</em></span> <span class='ocrx_word' id='word_1_163' title='bbox 863 1943 961 2022; x_wconf 80' lang='grc' dir='ltr'><em>λόγος</em></span> <span class='ocrx_word' id='word_1_164' title='bbox 990 1937 1027 2004; x_wconf 74' lang='grc' dir='ltr'><em>δέ</em></span> <span class='ocrx_word' id='word_1_165' title='bbox 1051 1949 1109 2023; x_wconf 77' lang='grc' dir='ltr'><em>τῆς</em></span> <span class='ocrx_word' id='word_1_166' title='bbox 1132 1942 1199 2003; x_wconf 94' lang='grc' dir='ltr'><em>ΒΓ</em></span> 
     </span>
     <span class='ocr_line' id='line_1_18' title="bbox 184 2044 1194 2132; baseline 0.002 -24"><span class='ocrx_word' id='word_1_167' title='bbox 184 2045 267 2129; x_wconf 85' lang='grc' dir='ltr'><em>πρὸς</em></span> <span class='ocrx_word' id='word_1_168' title='bbox 294 2049 358 2108; x_wconf 86' lang='grc' dir='ltr'><em>ΒΖ</em></span> <span class='ocrx_word' id='word_1_169' title='bbox 390 2044 517 2122; x_wconf 85' lang='grc' dir='ltr'><em>δοθεὶς·</em></span> <span class='ocrx_word' id='word_1_170' title='bbox 551 2047 690 2111; x_wconf 91' lang='grc' dir='ltr'><em>δοθεῖσα</em></span> <span class='ocrx_word' id='word_1_171' title='bbox 719 2049 782 2132; x_wconf 80' lang='grc' dir='ltr'><em>γὰρ</em></span> <span class='ocrx_word' id='word_1_172' title='bbox 811 2045 955 2132; x_wconf 81' lang='grc' dir='ltr'><em>ἑκατέρα.</em></span> <span class='ocrx_word' id='word_1_173' title='bbox 1004 2049 1103 2128; x_wconf 80' lang='grc' dir='ltr'><em>λόγος</em></span> <span class='ocrx_word' id='word_1_174' title='bbox 1131 2048 1194 2132; x_wconf 78' lang='grc' dir='ltr'><em>ἄρα</em></span> 
     </span>
     <span class='ocr_line' id='line_1_19' title="bbox 185 2148 1194 2237; baseline 0.002 -23"><span class='ocrx_word' id='word_1_175' title='bbox 185 2148 240 2214; x_wconf 86' lang='grc' dir='ltr'><em>καὶ</em></span> <span class='ocrx_word' id='word_1_176' title='bbox 259 2160 316 2233; x_wconf 77' lang='grc' dir='ltr'><em>τῆς</em></span> <span class='ocrx_word' id='word_1_177' title='bbox 334 2155 404 2215; x_wconf 93' lang='grc' dir='ltr'><em>ΗΘ</em></span> <span class='ocrx_word' id='word_1_178' title='bbox 421 2153 505 2237; x_wconf 87' lang='grc' dir='ltr'><em>πρὸς</em></span> <span class='ocrx_word' id='word_1_179' title='bbox 524 2155 597 2216; x_wconf 96' lang='grc' dir='ltr'><em>ΗΚ</em></span> <span class='ocrx_word' id='word_1_180' title='bbox 614 2154 736 2230; x_wconf 89' lang='grc' dir='ltr'><em>δοθείς.</em></span> <span class='ocrx_word' id='word_1_181' title='bbox 778 2152 932 2220; x_wconf 79' lang='grc' dir='ltr'><em>ὥστεκαὶ</em></span> <span class='ocrx_word' id='word_1_182' title='bbox 950 2163 1007 2237; x_wconf 79' lang='grc' dir='ltr'><em>τῆς</em></span> <span class='ocrx_word' id='word_1_183' title='bbox 1027 2156 1094 2216; x_wconf 94' lang='grc' dir='ltr'><em>ΘΚ</em></span> <span class='ocrx_word' id='word_1_184' title='bbox 1109 2153 1194 2237; x_wconf 90' lang='grc' dir='ltr'><em>πρὸς</em></span> 
     </span>
     <span class='ocr_line' id='line_1_20' title="bbox 186 2254 1194 2344; baseline 0.001 -24"><span class='ocrx_word' id='word_1_185' title='bbox 186 2260 265 2320; x_wconf 88' lang='grc' dir='ltr'><em>ΚΗ.</em></span> <span class='ocrx_word' id='word_1_186' title='bbox 308 2254 363 2321; x_wconf 82' lang='grc' dir='ltr'><em>καὶ</em></span> <span class='ocrx_word' id='word_1_187' title='bbox 386 2260 456 2322; x_wconf 85' lang='grc' dir='ltr'><em>ἐστι</em></span> <span class='ocrx_word' id='word_1_188' title='bbox 478 2259 618 2323; x_wconf 89' lang='grc' dir='ltr'><em>δοθεῖσα</em></span> <span class='ocrx_word' id='word_1_189' title='bbox 640 2258 660 2341; x_wconf 78' lang='grc' dir='ltr'><em>ἡ</em></span> <span class='ocrx_word' id='word_1_190' title='bbox 687 2262 764 2323; x_wconf 90' lang='grc' dir='ltr'><em>ΘΚ·</em></span> <span class='ocrx_word' id='word_1_191' title='bbox 792 2259 812 2342; x_wconf 74' lang='grc' dir='ltr'><strong><em>ἡ</em></strong></span> <span class='ocrx_word' id='word_1_192' title='bbox 836 2261 898 2344; x_wconf 82' lang='grc' dir='ltr'><em>γὰρ</em></span> <span class='ocrx_word' id='word_1_193' title='bbox 923 2259 986 2324; x_wconf 81' lang='grc' dir='ltr'><em>ἀπὸ</em></span> <span class='ocrx_word' id='word_1_194' title='bbox 1009 2268 1069 2324; x_wconf 81' lang='grc' dir='ltr'><em>τοῦ</em></span> <span class='ocrx_word' id='word_1_195' title='bbox 1092 2263 1194 2324; x_wconf 88' lang='grc' dir='ltr'><em>ΔΕΖ</em></span> 
     </span>
     <span class='ocr_line' id='line_1_21' title="bbox 184 2362 1235 2450; baseline -0.002 -22"><span class='ocrx_word' id='word_1_196' title='bbox 184 2362 342 2428; x_wconf 78' lang='grc' dir='ltr'><em>ἐπιπέδου</em></span> <span class='ocrx_word' id='word_1_197' title='bbox 364 2365 505 2440; x_wconf 80' lang='grc' dir='ltr'><em>κάθετος</em></span> <span class='ocrx_word' id='word_1_198' title='bbox 528 2362 581 2428; x_wconf 76' lang='grc' dir='ltr'><em>ἐπὶ</em></span> <span class='ocrx_word' id='word_1_199' title='bbox 603 2366 640 2429; x_wconf 88' lang='grc' dir='ltr'><em>τὸ</em></span> <span class='ocrx_word' id='word_1_200' title='bbox 663 2374 723 2429; x_wconf 88' lang='grc' dir='ltr'><em>τοῦ</em></span> <span class='ocrx_word' id='word_1_201' title='bbox 742 2368 837 2429; x_wconf 93' lang='grc' dir='ltr'><em>ΑΒΓ</em></span> <span class='ocrx_word' id='word_1_202' title='bbox 852 2367 1018 2450; x_wconf 80' lang='grc' dir='ltr'><em>τριγώνου</em></span> <span class='ocrx_word' id='word_1_203' title='bbox 1036 2365 1193 2430; x_wconf 89' lang='grc' dir='ltr'><em>ἐπίπεδον</em></span> <span class='ocrx_word' id='word_1_204' title='bbox 1208 2386 1235 2426; x_wconf 78' lang='grc' dir='ltr'><em>ιο</em></span> 
     </span>
     <span class='ocr_line' id='line_1_22' title="bbox 186 2469 1191 2556; baseline 0.002 -22"><span class='ocrx_word' id='word_1_205' title='bbox 186 2470 326 2534; x_wconf 77' lang='grc' dir='ltr'><em>δοθεῖσα</em></span> <span class='ocrx_word' id='word_1_206' title='bbox 354 2469 456 2534; x_wconf 92' lang='grc' dir='ltr'><em>ἐστιν·</em></span> <span class='ocrx_word' id='word_1_207' title='bbox 485 2472 624 2534; x_wconf 82' lang='grc' dir='ltr'><em>δοθεῖσα</em></span> <span class='ocrx_word' id='word_1_208' title='bbox 651 2473 715 2556; x_wconf 76' lang='grc' dir='ltr'><em>ἄρα</em></span> <span class='ocrx_word' id='word_1_209' title='bbox 741 2470 796 2536; x_wconf 83' lang='grc' dir='ltr'><em>καὶ</em></span> <span class='ocrx_word' id='word_1_210' title='bbox 821 2470 841 2554; x_wconf 78' lang='grc' dir='ltr'><strong><em>ἡ</em></strong></span> <span class='ocrx_word' id='word_1_211' title='bbox 865 2474 943 2535; x_wconf 94' lang='grc' dir='ltr'><em>ΚΗ.</em></span> <span class='ocrx_word' id='word_1_212' title='bbox 990 2473 1072 2536; x_wconf 82' lang='grc' dir='ltr'><em>ὥστε</em></span> <span class='ocrx_word' id='word_1_213' title='bbox 1095 2470 1191 2554; x_wconf 76' lang='grc' dir='ltr'><em>καὶὴ</em></span> 
     </span>
     <span class='ocr_line' id='line_1_23' title="bbox 186 2573 1193 2663; baseline 0.003 -24"><span class='ocrx_word' id='word_1_214' title='bbox 186 2578 256 2639; x_wconf 91' lang='grc' dir='ltr'><em>ΗΘ</em></span> <span class='ocrx_word' id='word_1_215' title='bbox 278 2578 418 2642; x_wconf 87' lang='grc' dir='ltr'><em>δοθεῖσοί</em></span> <span class='ocrx_word' id='word_1_216' title='bbox 437 2575 534 2642; x_wconf 89' lang='grc' dir='ltr'><em>ἐστιν.</em></span> <span class='ocrx_word' id='word_1_217' title='bbox 576 2575 646 2642; x_wconf 87' lang='grc' dir='ltr'><em>ἐπεὶ</em></span> <span class='ocrx_word' id='word_1_218' title='bbox 665 2577 727 2642; x_wconf 85' lang='grc' dir='ltr'><em>οὐν</em></span> <span class='ocrx_word' id='word_1_219' title='bbox 744 2579 939 2663; x_wconf 76' lang='grc' dir='ltr'><em>πυραμίδος,</em></span> <span class='ocrx_word' id='word_1_220' title='bbox 961 2573 1000 2662; x_wconf 69' lang='grc' dir='ltr'><em>ἧς</em></span> <span class='ocrx_word' id='word_1_221' title='bbox 1018 2579 1114 2662; x_wconf 80' lang='grc' dir='ltr'><em>βάσις</em></span> <span class='ocrx_word' id='word_1_222' title='bbox 1132 2575 1193 2662; x_wconf 89' lang='grc' dir='ltr'><em>μέν</em></span> 
     </span>
    </p>
   </div>
   <div class='ocr_carea' id='block_1_3' title="bbox 184 2680 1231 3407">
    <p class='ocr_par' dir='ltr' id='par_1_3' title="bbox 184 2680 1231 3407">
     <span class='ocr_line' id='line_1_24' title="bbox 185 2680 1193 2769; baseline 0.002 -23"><span class='ocrx_word' id='word_1_223' title='bbox 185 2680 254 2747; x_wconf 84' lang='grc' dir='ltr'><em>ἐστι</em></span> <span class='ocrx_word' id='word_1_224' title='bbox 276 2684 313 2747; x_wconf 91' lang='grc' dir='ltr'><em>τὸ</em></span> <span class='ocrx_word' id='word_1_225' title='bbox 333 2687 436 2748; x_wconf 92' lang='grc' dir='ltr'><em>ΑΒΓ</em></span> <span class='ocrx_word' id='word_1_226' title='bbox 454 2688 629 2769; x_wconf 81' lang='grc' dir='ltr'><em>τρίγωνον,</em></span> <span class='ocrx_word' id='word_1_227' title='bbox 652 2686 783 2769; x_wconf 79' lang='grc' dir='ltr'><em>κορυφὴ</em></span> <span class='ocrx_word' id='word_1_228' title='bbox 807 2681 843 2750; x_wconf 74' lang='grc' dir='ltr'><em>δέ</em></span> <span class='ocrx_word' id='word_1_229' title='bbox 861 2686 898 2750; x_wconf 86' lang='grc' dir='ltr'><em>τὸ</em></span> <span class='ocrx_word' id='word_1_230' title='bbox 918 2689 957 2749; x_wconf 94' lang='grc' dir='ltr'><em>Η</em></span> <span class='ocrx_word' id='word_1_231' title='bbox 971 2695 1117 2769; x_wconf 82' lang='grc' dir='ltr'><em>σημεῖον,</em></span> <span class='ocrx_word' id='word_1_232' title='bbox 1141 2682 1193 2748; x_wconf 91' lang='grc' dir='ltr'><em>δέ-</em></span> 
     </span>
     <span class='ocr_line' id='line_1_25' title="bbox 185 2788 1192 2902; baseline 0.002 -49"><span class='ocrx_word' id='word_1_233' title='bbox 185 2790 280 2854; x_wconf 89' lang='grc' dir='ltr'><em>δοται</em></span> <span class='ocrx_word' id='word_1_234' title='bbox 302 2789 323 2872; x_wconf 79' lang='grc' dir='ltr'><em>ἥ</em></span> <span class='ocrx_word' id='word_1_235' title='bbox 341 2813 376 2854; x_wconf 90' lang='grc' dir='ltr'><em>τε</em></span> <span class='ocrx_word' id='word_1_236' title='bbox 394 2788 561 2873; x_wconf 77' lang='grc' dir='ltr'><em>βάσιςνιαὶ</em></span> <span class='ocrx_word' id='word_1_237' title='bbox 579 2790 600 2874; x_wconf 79' lang='grc' dir='ltr'><em>ἡ</em></span> <span class='ocrx_word' id='word_1_238' title='bbox 619 2790 683 2855; x_wconf 85' lang='grc' dir='ltr'><em>ἀπὸ</em></span> <span class='ocrx_word' id='word_1_239' title='bbox 702 2800 765 2902; x_wconf 46' lang='grc' dir='ltr'><em>τῆς,</em></span> <span class='ocrx_word' id='word_1_240' title='bbox 776 2801 925 2877; x_wconf 73' lang='grc' dir='ltr'><em>κορυφῆς</em></span> <span class='ocrx_word' id='word_1_241' title='bbox 944 2789 997 2856; x_wconf 75' lang='grc' dir='ltr'><em>ἐπὶ</em></span> <span class='ocrx_word' id='word_1_242' title='bbox 1014 2792 1076 2874; x_wconf 78' lang='grc' dir='ltr'><em>τὴν</em></span> <span class='ocrx_word' id='word_1_243' title='bbox 1093 2791 1192 2875; x_wconf 71' lang='grc' dir='ltr'><em>βάσιν</em></span> 
     </span>
     <span class='ocr_line' id='line_1_26' title="bbox 184 2894 1231 2983; baseline 0.003 -25"><span class='ocrx_word' id='word_1_244' title='bbox 184 2895 325 2971; x_wconf 78' lang='grc' dir='ltr'><em>κάθετος</em></span> <span class='ocrx_word' id='word_1_245' title='bbox 346 2895 367 2978; x_wconf 75' lang='grc' dir='ltr'>ἡ</span> <span class='ocrx_word' id='word_1_246' title='bbox 387 2899 426 2959; x_wconf 96' lang='grc' dir='ltr'>Η</span> <span class='ocrx_word' id='word_1_247' title='bbox 428 2899 467 2979; x_wconf 75' lang='grc' dir='ltr'><em>Θ,</em></span> <span class='ocrx_word' id='word_1_248' title='bbox 490 2894 595 2961; x_wconf 72' lang='grc' dir='ltr'><em>δοθὲν</em></span> <span class='ocrx_word' id='word_1_249' title='bbox 617 2899 681 2981; x_wconf 76' lang='grc' dir='ltr'><em>ἄρα</em></span> <span class='ocrx_word' id='word_1_250' title='bbox 703 2898 740 2962; x_wconf 93' lang='grc' dir='ltr'><em>τὸ</em></span> <span class='ocrx_word' id='word_1_251' title='bbox 764 2907 821 2981; x_wconf 79' lang='grc' dir='ltr'><em>τῆς</em></span> <span class='ocrx_word' id='word_1_252' title='bbox 843 2899 1029 2983; x_wconf 84' lang='grc' dir='ltr'><em>πυραμίδος</em></span> <span class='ocrx_word' id='word_1_253' title='bbox 1049 2900 1190 2982; x_wconf 89' lang='grc' dir='ltr'><em>στερεόν.</em></span> <span class='ocrx_word' id='word_1_254' title='bbox 1205 2917 1231 2958; x_wconf 73' lang='lat'><em>25</em></span> 
     </span>
     <span class='ocr_line' id='line_1_27' title="bbox 184 2998 1192 3090; baseline 0.004 -25"><span class='ocrx_word' id='word_1_255' title='bbox 184 3003 266 3066; x_wconf 79' lang='grc' dir='ltr'><em>κατὰ</em></span> <span class='ocrx_word' id='word_1_256' title='bbox 293 3003 333 3066; x_wconf 86' lang='grc' dir='ltr'><em>τδι</em></span> <span class='ocrx_word' id='word_1_257' title='bbox 361 3001 444 3066; x_wconf 85' lang='grc' dir='ltr'><em>αὐτὰ</em></span> <span class='ocrx_word' id='word_1_258' title='bbox 471 3003 512 3085; x_wconf 78' lang='grc' dir='ltr'><em>δὴ</em></span> <span class='ocrx_word' id='word_1_259' title='bbox 540 3001 594 3067; x_wconf 82' lang='grc' dir='ltr'><em>καὶ</em></span> <span class='ocrx_word' id='word_1_260' title='bbox 621 3004 658 3068; x_wconf 91' lang='grc' dir='ltr'><em>τὸ</em></span> <span class='ocrx_word' id='word_1_261' title='bbox 686 3013 743 3087; x_wconf 73' lang='grc' dir='ltr'><em>τῆς</em></span> <span class='ocrx_word' id='word_1_262' title='bbox 769 3006 955 3090; x_wconf 89' lang='grc' dir='ltr'><em>πυραμίδος</em></span> <span class='ocrx_word' id='word_1_263' title='bbox 980 3007 1127 3089; x_wconf 77' lang='grc' dir='ltr'><em>στερεόν,</em></span> <span class='ocrx_word' id='word_1_264' title='bbox 1154 2998 1192 3086; x_wconf 73' lang='grc' dir='ltr'><em>ἧς</em></span> 
     </span>
     <span class='ocr_line' id='line_1_28' title="bbox 185 3107 1197 3196; baseline 0.002 -24"><span class='ocrx_word' id='word_1_265' title='bbox 185 3108 281 3191; x_wconf 78' lang='grc' dir='ltr'><em>βάσις</em></span> <span class='ocrx_word' id='word_1_266' title='bbox 307 3107 368 3192; x_wconf 92' lang='grc' dir='ltr'><em>μέν</em></span> <span class='ocrx_word' id='word_1_267' title='bbox 396 3107 463 3173; x_wconf 89' lang='grc' dir='ltr'><em>ἐστι</em></span> <span class='ocrx_word' id='word_1_268' title='bbox 490 3109 527 3174; x_wconf 89' lang='grc' dir='ltr'><em>τὸ</em></span> <span class='ocrx_word' id='word_1_269' title='bbox 551 3113 652 3173; x_wconf 85' lang='grc' dir='ltr'><em>ΔΒΖ</em></span> <span class='ocrx_word' id='word_1_270' title='bbox 678 3113 856 3195; x_wconf 82' lang='grc' dir='ltr'><em>τρίγωνον,</em></span> <span class='ocrx_word' id='word_1_271' title='bbox 884 3111 1015 3196; x_wconf 80' lang='grc' dir='ltr'><em>κορυφὴ</em></span> <span class='ocrx_word' id='word_1_272' title='bbox 1038 3107 1075 3175; x_wconf 72' lang='grc' dir='ltr'><em>δέ</em></span> <span class='ocrx_word' id='word_1_273' title='bbox 1098 3111 1135 3175; x_wconf 85' lang='grc' dir='ltr'><em>τὸ</em></span> <span class='ocrx_word' id='word_1_274' title='bbox 1160 3111 1197 3174; x_wconf 92' lang='grc' dir='ltr'><em>Η</em></span> 
     </span>
     <span class='ocr_line' id='line_1_29' title="bbox 186 3215 1192 3304; baseline 0.002 -25"><span class='ocrx_word' id='word_1_275' title='bbox 186 3225 336 3299; x_wconf 77' lang='grc' dir='ltr'><em>σημεῖον,</em></span> <span class='ocrx_word' id='word_1_276' title='bbox 377 3215 481 3280; x_wconf 88' lang='grc' dir='ltr'><em>δοθέν</em></span> <span class='ocrx_word' id='word_1_277' title='bbox 522 3215 598 3281; x_wconf 86' lang='grc' dir='ltr'><em>ἐστι.</em></span> <span class='ocrx_word' id='word_1_278' title='bbox 657 3217 776 3281; x_wconf 80' lang='grc' dir='ltr'><em>λοιπὸν</em></span> <span class='ocrx_word' id='word_1_279' title='bbox 817 3219 880 3304; x_wconf 77' lang='grc' dir='ltr'><em>ἄρα</em></span> <span class='ocrx_word' id='word_1_280' title='bbox 915 3218 952 3282; x_wconf 87' lang='grc' dir='ltr'><em>τὸ</em></span> <span class='ocrx_word' id='word_1_281' title='bbox 987 3219 1192 3281; x_wconf 85' lang='grc' dir='ltr'><em>ΑΒΓΔΕΖ</em></span> 
     </span>
     <span class='ocr_line' id='line_1_30' title="bbox 187 3315 1192 3407; baseline 0.001 -21"><span class='ocrx_word' id='word_1_282' title='bbox 187 3322 321 3407; x_wconf 89' lang='grc' dir='ltr'><em>στερεὸν</em></span> <span class='ocrx_word' id='word_1_283' title='bbox 343 3315 448 3387; x_wconf 90' lang='grc' dir='ltr'><em>δοθέν</em></span> <span class='ocrx_word' id='word_1_284' title='bbox 471 3321 547 3388; x_wconf 88' lang='grc' dir='ltr'><em>ἐστι.</em></span> <span class='ocrx_word' id='word_1_285' title='bbox 589 3325 826 3406; x_wconf 65' lang='grc' dir='ltr'><em>συντεθιίσεται</em></span> <span class='ocrx_word' id='word_1_286' title='bbox 850 3324 890 3406; x_wconf 74' lang='grc' dir='ltr'><em>δὴ</em></span> <span class='ocrx_word' id='word_1_287' title='bbox 911 3323 1022 3401; x_wconf 80' lang='grc' dir='ltr'><em>οὕτως.</em></span> <span class='ocrx_word' id='word_1_288' title='bbox 1064 3325 1115 3388; x_wconf 90' lang='grc' dir='ltr'><em>δεῖ</em></span> <span class='ocrx_word' id='word_1_289' title='bbox 1132 3323 1192 3406; x_wconf 77' lang='grc' dir='ltr'><em>τὴν</em></span> 
     </span>
    </p>
   </div>
   <div class='ocr_carea' id='block_1_4' title="bbox 186 3475 1191 3626">
    <p class='ocr_par' dir='ltr' id='par_1_4' title="bbox 186 3475 1191 3626">
     <span class='ocr_line' id='line_1_31' title="bbox 257 3475 1191 3552; baseline 0.001 -19"><span class='ocrx_word' id='word_1_290' title='bbox 257 3487 333 3535; x_wconf 83' lang='grc' dir='ltr'><em>4τῶ</em></span> <span class='ocrx_word' id='word_1_291' title='bbox 357 3484 396 3536; x_wconf 84' lang='lat' dir='ltr'><em>H:</em></span> <span class='ocrx_word' id='word_1_292' title='bbox 419 3479 526 3534; x_wconf 86' lang='lat' dir='ltr'>correxi</span> <span class='ocrx_word' id='word_1_293' title='bbox 604 3475 828 3552; x_wconf 73' lang='grc' dir='ltr'><em>σέαβαῖομένηι</em></span> <span class='ocrx_word' id='word_1_294' title='bbox 853 3479 959 3534; x_wconf 85' lang='lat' dir='ltr'>correxi</span> <span class='ocrx_word' id='word_1_295' title='bbox 1037 3486 1069 3532; x_wconf 78' lang='lat'><em>12</em></span> <span class='ocrx_word' id='word_1_296' title='bbox 1092 3480 1123 3534; x_wconf 84' lang='grc' dir='ltr'><em>τὸ</em></span> <span class='ocrx_word' id='word_1_297' title='bbox 1147 3479 1191 3534; x_wconf 73' lang='grc' dir='ltr'><em>δὲε</em></span> 
     </span>
     <span class='ocr_line' id='line_1_32' title="bbox 186 3549 972 3626; baseline -0.003 -20"><span class='ocrx_word' id='word_1_298' title='bbox 186 3551 292 3606; x_wconf 84' lang='lat' dir='ltr'>correxi</span> <span class='ocrx_word' id='word_1_299' title='bbox 364 3558 397 3606; x_wconf 82' lang='lat'><em>13</em></span> <span class='ocrx_word' id='word_1_300' title='bbox 417 3551 588 3626; x_wconf 70' lang='grc' dir='ltr'>ΓΘ&lt;ΖΚ&gt;ε</span> <span class='ocrx_word' id='word_1_301' title='bbox 607 3551 715 3620; x_wconf 86' lang='lat' dir='ltr'>explevi</span> <span class='ocrx_word' id='word_1_302' title='bbox 733 3549 972 3620; x_wconf 73' lang='lat' dir='ltr'>intercapedinem</span> 
     </span>
    </p>
   </div>
   <div class='ocr_carea' id='block_1_5' title="bbox 0 0 1327 3870">
    <p class='ocr_par' dir='ltr' id='par_1_5' title="bbox 0 0 1327 3870">
     <span class='ocr_line' id='line_1_33' title="bbox 0 0 1327 3870; baseline 0 0"><span class='ocrx_word' id='word_1_303' title='bbox 0 0 1327 3870; x_wconf 95' lang='lat' dir='ltr'><em> </em></span> 
     </span>
    </p>
   </div>
  </div>
 </body>
</html>
