2644 3870
176 161 239 226 160
340 163 490 215 ΗΡΩΝΟΣ
508 157 775 220 ΔΑΒΞΑΝΔΡΕΩΣ
793 160 979 213 ΜΕΤΡΙΚΩΝ
997 161 1020 211 Γ

173 323 278 390 θέντι.
326 322 395 389 ἐπεὶ
419 319 481 388 οὖν
503 325 602 405 λόγος
625 321 716 389 ἐστὶν
738 332 795 406 τῆς
814 327 878 387 ΑΒ
899 324 965 386 ΓΔ
988 328 1079 398 ἴτυος
1101 322 1186 408 πρὸς

174 432 233 496 τὸυ
256 428 332 516 περὶ
356 431 534 514 διάμετρον
551 431 612 514 τὴν
632 432 697 494 ΓΔ
714 429 838 494 κύκλον
857 430 982 512 δοθείς,
1005 430 1103 512 λόγος
1121 429 1185 513 ἄρα

172 535 228 602 καὶ
255 545 315 603 τοῦ
344 534 421 621 περὶ
444 537 622 621 διάμετρον
644 537 705 620 τὴν
729 538 793 599 ΑΒ
818 538 885 600 ΓΔ
907 535 1033 601 κύκλου
1056 536 1184 612 δοθείς.

175 645 219 720 ὡς
247 638 284 708 δὲ
316 644 348 708 οἱ
378 644 494 708 κύκλοι
521 644 604 728 πρὸς
632 641 810 726 ἀλλήλους,
844 641 930 706 οὕτω
959 643 999 707 τδ
1026 641 1090 706 οάιδ
1118 652 1186 706 τῶν

175 747 361 835 διἀμέτρωυ
389 751 593 836 τετράγωνα·
625 743 725 832 λόγος
756 750 821 834 ἄρα
851 746 907 813 καὶ
939 757 998 813 τοῦ
1027 748 1091 813 ἀπὸ
1119 752 1185 813 ΑΒ
1214 770 1228 811 5

56 892 62 900 ι
173 857 257 941 πρὸς
279 857 317 922 τὸ
341 855 404 922 ἀπὸ
425 858 491 920 ΓΔ
513 857 641 932 δοθείς·
664 854 719 920 καὶ
743 858 811 920 ἔστι
836 851 940 921 δοθέν
962 855 1000 920 τὸ
1020 854 1083 920 ἀπὸ
1104 859 1185 919 ΑΒ·

174 959 279 1030 δοθὲν
309 965 372 1049 ἄρα
395 961 450 1027 καὶ
472 964 509 1028 τὸ
533 962 597 1027 ἀπὸ
623 965 695 1027 ΓΔ.
741 964 979 1045 συντεθήσεται
1003 962 1044 1045 δὴ
1068 961 1185 1038 οὕτως·

174 1071 256 1134 ἔστω
283 1068 303 1153 ἡ
331 1066 393 1154 μὲν
416 1072 484 1134 ΑΒ
514 1070 690 1154 διάμετρος
716 1069 873 1152 μονάδων
902 1091 936 1151 κ,
964 1067 982 1133 δ
1011 1063 1048 1132 δέ
1072 1066 1187 1145 δοθεὶς

174 1179 283 1259 λόγος,
306 1175 347 1241 δυ
369 1179 435 1260 ἔχει
457 1178 498 1240 τδι
521 1199 541 1257 γ
563 1175 647 1261 πρὸς
669 1176 709 1240 τὰ
728 1198 752 1240 ε.
785 1175 910 1250 σύνθες
927 1175 967 1239 τὰ
985 1191 1006 1256 γ
1024 1172 1079 1254 καὶ
1098 1175 1138 1238 τὰ
1157 1195 1186 1239 ε·

173 1286 322 1366 γίγνεται
341 1302 374 1366 η·
397 1281 452 1347 καὶ
475 1283 515 1347 τδι
533 1307 553 1346 κ
571 1280 618 1366 ἐφ’
642 1281 758 1347 έαυτώ·
780 1284 929 1365 γίγνεται
946 1300 981 1345 υ·
1006 1277 1059 1344 ἐπὶ
1077 1281 1137 1345 τὸν
1155 1301 1185 1346 ε·
1200 1305 1229 1344 10

41 1413 42 1416 ’
172 1393 322 1472 γίγνεται
345 1393 383 1476 fl.
429 1397 531 1453 ταῦτα
554 1387 692 1474 μέρισον
713 1389 803 1474 παρὰ
824 1388 884 1453 τὸν
905 1407 940 1471 η·
963 1391 1110 1472 γίγνεται
1130 1405 1186 1452 σν·

173 1531 302 1597 τούτων
324 1520 472 1615 αλευρὰν
496 1527 575 1614 λαβέ
598 1532 642 1607 ὡς
660 1533 808 1619 έγγιστα·
831 1534 979 1614 γίγνεται
1003 1486 1114 1613 ιε<όῖλ>
1132 1555 1187 1596 το-

174 1639 297 1703 σούτου
320 1641 411 1702 ἔσται
433 1637 454 1721 ἡ
479 1640 546 1701 ΓΔ
569 1638 752 1722 διάμετρος.

55 1761 156 1804 f01.1o4¹
241 1770 262 1809 ι.
283 1742 385 1828 ΙὍσα
407 1739 468 1827 μὲν
491 1739 553 1810 οὖν
575 1756 643 1808 τῶν
666 1742 830 1808 ἐπιπέδων
854 1745 1000 1810 δυνατὸν
1022 1738 1064 1828 ἦν
1087 1743 1187 1830 ἀριθ-

172 1861 247 1936 μοῖς
277 1851 492 1936 διαιρεῖσθαι,
528 1849 788 1936 προγέγραπται·
826 1851 887 1916 ὅσα
919 1847 957 1916 δὲ
980 1853 1185 1937 διαιρεῖσθαι
1200 1872 1230 1912 15

173 1954 235 2041 μὲν
253 1955 436 2040 ἀναγκαῖόν
454 1956 534 2040 ἐστι,
558 1954 597 2022 δι’
620 1952 776 2042 ἀριθμῶν
794 1953 831 2021 δὲ
850 1956 891 2021 οὐ
910 1956 1060 2041 δύναται,
1083 1967 1188 2023 ταῦτα

173 2074 398 2160 γεωμετρικῶς
422 2062 637 2148 έκθιγσόμεδα.

230 2167 337 2234 Ἔστω
370 2171 536 2255 τριγώνου
568 2167 730 2246 δοθέντος
761 2179 821 2234 τοῦ
853 2173 958 2234 ΑΒΓ
985 2167 1040 2235 καὶ
1072 2169 1186 2254 ἐκβλη-

173 2278 291 2358 θείσης
314 2275 417 2340 αὐτοῦ
440 2285 517 2360 μιᾶς
538 2281 683 2361 πλευρᾶς
706 2284 763 2358 τῆς
782 2278 849 2340 ΒΓ
862 2275 926 2341 ἀπὸ
946 2274 1106 2353 δοθέντος
1124 2287 1185 2342 τοῦ

173 2387 207 2446 Δ
230 2383 401 2464 διαγαγεῖν
428 2383 489 2465 τὴν
511 2387 583 2446 ΛΒ
609 2383 806 2467 διαιροῦσαν
833 2384 870 2447 τὸ
895 2387 1000 2448 ΑΒΓ
1021 2387 1186 2468 τρίγωνον
1200 2403 1229 2443 20

175 2487 211 2552 έν
234 2491 321 2576 λόγῳ
345 2485 490 2552 δοθέντι.
526 2487 703 2570 γεγονέτω·
735 2487 804 2553 ἐπεὶ
827 2484 890 2554 οὖν
913 2491 1012 2570 λόγος
1035 2488 1104 2557 ἐστὶ
1126 2499 1186 2556 τοῦ

176 2599 274 2659 ΑΒΖ
304 2595 470 2680 τριγώνου
499 2594 582 2674 πρὸς
609 2595 646 2658 τὸ
671 2597 809 2660 ΖΒΒΓ
826 2597 1081 2682 τετράπλευρον,
1108 2614 1187 2663 συν-

173 2699 274 2782 θέντι
297 2703 396 2783 λόγος
424 2701 487 2786 ἄρα
515 2709 575 2766 τοῦ
600 2703 706 2765 ΑΒΓ
724 2701 890 2787 τριγώνου
912 2701 995 2787 πρὸς
1017 2704 1054 2768 τὸ
1079 2707 1187 2768 ΑΖΒ.

174 2805 229 2871 καὶ
261 2809 331 2872 ἔστι
363 2803 468 2873 δοθὲν
497 2805 534 2872 τὸ
559 2810 677 2872 ΑΒΓ·
708 2804 813 2873 δοθὲν
839 2809 903 2894 ἄρα
929 2806 985 2872 καὶ
1011 2806 1048 2873 τὸ
1073 2812 1186 2874 ΑΖΒ·

176 2909 295 2997 [δοθέν
317 2916 385 2998 ἄρα
403 2912 457 2979 καὶ
480 2911 517 2979 τὸ
544 2918 608 2978 ΖΑ
616 2913 669 2999 E]
705 2913 759 2979 καὶ
783 2917 854 2980 ἔστι
877 2910 983 2979 δοθέν
1005 2913 1042 2980 τὸ
1066 2920 1106 2980 Δ.
1139 2917 1187 2992 εἰς
1201 2934 1229 2974 ιε

175 3021 237 3085 δύο
266 3021 329 3102 ἄρα
355 3019 467 3096 θέσεις
494 3022 552 3096 τὰς
575 3024 660 3104 ΑΒ,
684 3026 715 3085 Α
722 3024 753 3085 Γ
776 3020 1023 3106 κεκερασμένας
1045 3018 1185 3086 κατὰτὸ

175 3124 256 3191 αὐτὸ
286 3124 323 3191 τό
354 3131 385 3190 A
408 3126 471 3192 ἀπὸ
497 3120 659 3205 δοθέντος
687 3136 747 3193 τοῦ
770 3133 803 3191 Δ
827 3129 960 3211 διῆκταί
988 3117 1038 3205 τις
1070 3127 1187 3193 εὐθεῖα

246 3325 261 3372 2
281 3318 330 3373 τὸν
345 3323 406 3376 ΓΔ;
421 3319 528 3374 correxi
592 3325 607 3373 3
622 3319 737 3375 κόκλονε
754 3319 861 3374 correxi
925 3326 958 3374 10
972 3320 1002 3376 τὸ
1016 3327 1065 3375 fe:
1081 3319 1188 3374 correxi

211 3395 244 3442 12
269 3409 293 3444 ιε
313 3388 361 3459 ιγ’;
385 3390 494 3446 correxi
566 3397 599 3444 13
623 3387 685 3460 ἑξῆς
703 3391 721 3460 ἡ
740 3391 909 3462 καταγραφή
927 3391 958 3444 in
975 3410 1031 3462 mg.
1050 3391 1099 3446 inf.
1119 3399 1185 3445 m.1

119 3518 162 3523 ,Δ
211 3467 243 3584 2?
263 3460 411 3587 {istim
468 3468 502 3516 26
516 3459 719 3524 θέσειςιθέσει
733 3461 887 3532 δεδομένας
902 3469 969 3519 m.2
1038 3467 1100 3532 ΑΒ,
1119 3465 1186 3518 ΑΕι
