2644 3870
179 185 243 248 106
343 186 492 238 ΗΡΩΝΟΣ
510 182 775 242 ΑΛΕΞΑΝΔΡΕΩΣ
793 185 980 236 ΜΕΤΡΙΚΩΝ
997 187 1019 236 Β

175 347 239 431 άρα
261 343 315 409 καὶ
338 345 358 428 ἡ
377 351 409 410 Α
415 345 445 420 Ξ
465 356 502 432 τῇ
524 349 602 410 ΜΓ.
644 344 897 432 συναμφοτέρου
920 346 1026 431 <άρα>
1045 355 1101 429 τῆς
1121 349 1190 410 ΑΓ
1297 421 1303 435 1

158 439 258 534 ΜΞ,
290 451 439 516 τουτέστι
467 451 720 538 συναμφοτέρου
744 453 844 537 <τῆς>
871 456 940 517 ΑΓ
959 457 992 516 Δ
1000 455 1027 516 Ζ
1053 452 1186 536 ἡμίσειά

175 557 265 622 ἐστιν
284 557 303 640 ἡ
324 557 393 631 ΓΞ.
429 559 531 623 πάλιν
549 555 618 624 έπελ
638 565 692 642 ίση
711 557 803 623 ἐστὶν
820 559 840 642 ἡ
859 562 925 622 KB
944 568 983 644 τῇ
1002 561 1084 642 ΚΗ,
1107 575 1186 623 συν-
1312 559 1317 578 ’

174 663 365 750 αμφοτέρου
380 666 443 750 άρα
456 674 513 747 τῆς
527 669 593 729 BA
603 669 642 729 Η
642 670 684 749 Α,
697 663 846 730 τουτέστι
861 663 1114 751 συναμφοτέρου
1128 674 1186 749 τῆς

175 773 240 833 AB
259 775 341 854 ΔΕ,
363 771 495 854 ἡμίσειά
519 770 608 836 ἐστιν
630 771 650 854 ἡ
674 774 755 856 ΑΚ,
778 769 949 836 τουτέστιν
971 771 991 854 ἡ
1015 770 1087 844 ΞΛ.
1129 773 1185 836 διὰ
1212 789 1225 830 ⁵

174 878 214 941 τά
247 876 329 941 αὐτά
362 878 403 960 δὴ
430 875 485 941 καὶ
513 877 766 963 συναμφοτέρου
792 887 850 961 τῆς
877 880 945 942 ΒΓ
962 882 1027 941 ΕΖ
1054 877 1186 962 ἡμίσειά

176 980 266 1046 ἐστιν
288 983 308 1066 ἡ
329 985 400 1047 ΛΓ.
442 981 512 1048 ε’πεὶ
534 979 650 1048 οὖντὸ
670 985 804 1069 στερεὸν
822 992 879 1066 τῆς
897 984 1063 1068 κολούρου
1081 1005 1187 1069 πυρα-

174 1089 270 1172 μίδος
297 1090 464 1172 σύγκειται
488 1093 524 1155 ἔκ
546 1113 581 1154 τε
604 1100 663 1155 τοῦ
686 1094 867 1175 πρίσματος
890 1099 950 1154 τοῦ
974 1089 1063 1174 [τὴν]
1086 1091 1186 1174 βάσιν

174 1191 236 1279 μὲν
263 1197 396 1278 ἔχοντος
423 1196 460 1260 τὸ
484 1194 629 1268 ΑΗΝΞ
648 1199 1005 1282 παραλληλόγραμμον,
1031 1198 1186 1283 κορυφὴν

175 1297 213 1365 δὲ
235 1301 296 1383 τὴν
312 1306 383 1366 ΔΕ
404 1301 551 1383 εὐθεῖαν,
574 1299 629 1365 καὶ
651 1311 711 1366 τοῦ
734 1305 925 1388 πρίσματος,
949 1298 989 1368 οὗ
1010 1304 1106 1387 βάσις
1125 1301 1186 1387 μέν
1200 1323 1227 1362 10

175 1406 244 1471 έστι
266 1408 303 1472 τὸ
321 1411 404 1472 ΜΝ
407 1410 473 1471 ΘΓ
491 1411 843 1493 παραλληλόγραμμον,
865 1409 996 1493 κορυφὴ
1020 1405 1057 1472 δὲ
1080 1407 1100 1491 ἡ
1122 1413 1185 1473 ΕΖ

175 1512 299 1596 εὐθεῖα,
321 1512 376 1578 καὶ
400 1511 514 1598 ἑτέρου
536 1517 726 1598 πρίσματος,
750 1509 790 1578 οὗ
813 1515 909 1597 βάσις
931 1511 992 1599 μέν
1015 1513 1084 1579 ἐστι
1104 1514 1186 1596 <τὸ>

174 1618 289 1692 ΜΝΞ
318 1623 498 1705 τρίγωνον,
530 1621 661 1705 κορυφὴ
694 1616 731 1686 δὲ
757 1621 794 1686 τὸ
822 1624 938 1704 ΔΕΖ,
970 1618 1025 1686 καὶ
1052 1623 1101 1685 έτι
1128 1629 1185 1703 τῆς

174 1726 374 1810 πυραμίδος,
401 1721 441 1810 ἧς
467 1728 563 1810 βάσις
590 1727 626 1791 τὸ
653 1731 757 1791 ΒΗΘ
783 1730 962 1813 τρίγωνον,
989 1727 1120 1811 κορυφὴ
1147 1722 1185 1791 δέ

174 1832 211 1895 τὸ
240 1836 272 1896 Ε
301 1843 450 1917 σημεῖον·
482 1833 565 1898 άλλδι
595 1845 661 1898 τών
689 1830 749 1918 μὲν
776 1835 983 1919 πρισμάτων,
1015 1828 1062 1898 ὧν
1089 1834 1185 1916 βάσις
1200 1853 1227 1893 15
1308 1875 1318 1928 ,τ

176 1936 244 2002 ἐστὶ
273 1940 312 2003 τά
335 1938 481 2013 ΑΗΝΞ
497 1942 645 2004 ΝΘΓΜ
670 1943 1008 2026 παραλληλόγραμμα,
1036 1939 1120 2018 ὕψος
1148 1935 1185 2002 δὲ
1317 1939 1318 1963 ³

174 2045 211 2108 τὸ
245 2043 324 2108 αὐτὸ
357 2055 396 2130 τῇ
428 2047 590 2130 πυραμίδι
621 2047 658 2111 τὸ
692 2049 826 2132 στερεόν
858 2045 948 2111 έστιν
974 2046 1011 2110 τὸ
1040 2045 1186 2130 ἐμβαδὸν

175 2158 235 2213 τοῦ
254 2153 292 2212 Ν
294 2154 333 2214 Μ
339 2153 404 2214 ΘΓ
422 2153 766 2237 παραλληλογράμμου
790 2150 843 2216 ἐπὶ
866 2152 927 2234 τὴν
948 2153 1102 2235 κάθετον,
1125 2160 1185 2217 τοῦ

176 2251 213 2320 δέ
236 2259 428 2342 πρίσματος,
456 2253 496 2322 οὗ
524 2260 618 2340 βάσις
641 2256 703 2342 μέν
726 2256 794 2322 ἐστι
816 2259 853 2323 τὸ
877 2261 959 2322 ΜΝ
960 2257 991 2330 Ξ
1010 2261 1184 2342 τρίγωνον,

174 2362 305 2447 κορυφὴ
329 2359 366 2427 δὲ
388 2364 424 2427 τὸ
442 2368 554 2446 ΔΕΖ,
577 2365 614 2428 τὸ
639 2367 773 2450 στερεόν
796 2363 864 2428 έστι
882 2365 918 2429 τὸ
938 2368 1021 2429 ΜΝ
1022 2363 1053 2437 Ξ
1067 2368 1185 2449 τρίγώ-
1199 2385 1226 2424 20

174 2492 237 2532 νον
260 2466 313 2533 έπὶ
336 2470 397 2552 τὴν
419 2470 572 2553 κάθετον,
596 2478 653 2553 τῆς
671 2467 709 2534 δὲ
726 2472 922 2555 πυραμίδος,
944 2466 983 2554 ἧς
1001 2471 1096 2555 βάσις
1116 2469 1185 2535 ἐστὶ

175 2575 211 2639 τὸ
245 2578 349 2638 ΒΗΘ
380 2579 559 2661 τρίγωνον,
595 2577 726 2661 κορυφὴ
759 2573 796 2640 δὲ
828 2576 865 2641 τὸ
898 2581 930 2640 Ε
960 2588 1110 2661 σημεῖον,
1146 2577 1183 2642 τὸ

175 2683 309 2766 στερεόν
346 2681 414 2747 έστι
445 2683 482 2747 τὸ
515 2686 628 2768 τρίτον
658 2681 759 2765 <τοῦ>
792 2692 852 2748 τοῦ
884 2686 988 2747 ΒΗΘ
1019 2685 1185 2770 τριγώνου

176 2783 321 2871 έμβαδοῦ
354 2786 407 2852 ἐπὶ
439 2788 500 2870 τὴν
530 2789 686 2873 κάθετον,
718 2789 754 2853 τὸ
788 2785 825 2853 δὲ
852 2793 965 2874 τρίτον
992 2798 1052 2854 τοῦ
1080 2793 1184 2853 ΒΗΘ

174 2895 340 2977 τριγώνου
368 2894 404 2958 ἓν
431 2892 485 2957 καὶ
509 2897 622 2979 τρίτον
645 2891 713 2958 έστὶ
735 2904 795 2959 τοῦ
819 2899 890 2958 ΛΝ
896 2898 924 2958 Θ
946 2895 1024 2977 <διδι
1047 2895 1106 2978 τὸ>
1129 2901 1184 2960 ίσα
1199 2914 1225 2956 ετ

176 2995 262 3064 εἶναι
290 3001 319 3082 <.
338 3049 345 3063 .
365 3049 372 3064 .
392 3000 435 3083 .>,
465 3001 501 3064 τὸ
530 2996 567 3064 δδ
594 3003 707 3085 τρίτον
733 3009 794 3065 τοῦ
822 3005 893 3064 ΛΝ
899 3005 927 3064 Θ
954 3002 1120 3086 τριγώνου
1146 3002 1184 3067 τὸ

175 3105 363 3170 δωδέκατόν
382 3104 450 3170 ἐστι
463 3115 523 3170 τοῦ
538 3109 642 3169 ΒΗΘ
655 3107 834 3192 τριγώνου·
853 3109 935 3172 ώστε
949 3117 1006 3191 τῆς
1018 3109 1185 3194 κολούρου

175 3213 361 3296 πυραμίδος
385 3213 421 3276 τὸ
447 3215 580 3297 στερεόν
603 3210 671 3276 ἐστι
693 3213 730 3277 τὸ
755 3212 900 3296 ἐμβαδὸν
922 3223 981 3278 τοῦ
1001 3213 1103 3286 :m
1116 3239 1185 3301 τρι-

176 3318 287 3400 γώνου
305 3318 496 3402 προσλαβὸν
515 3318 552 3382 τὸ
573 3319 619 3402 ιβ’
638 3316 736 3403 μέρος
754 3328 814 3382 τοῦ
828 3322 933 3382 ΒΗΘ
950 3321 1116 3404 τριγώνου
1129 3319 1184 3385 καὶ

63 3466 130 3488 ...
174 3420 489 3489 πολλαπλασιασθέν
509 3422 561 3488 έπὶ
580 3425 640 3508 τὴν
653 3426 806 3489 κάθετον.
836 3422 891 3488 καὶ
906 3427 996 3490 έστιν
1009 3425 1029 3508 ἡ
1044 3427 1185 3502 κάθετος
1199 3447 1225 3487 so

188 3531 323 3595 ὀθεῖσα
364 3529 468 3610 δείξαι
492 3533 555 3616 άρα
579 3531 639 3614 δεῖ,
663 3531 714 3596 ὅτι
737 3529 842 3595 δοθέν
865 3529 933 3595 ἐστι
955 3529 1010 3595 καὶ
1031 3533 1067 3596 τὸ
1088 3533 1189 3606 &Ar
