2606 3868
169 149 212 213 48
336 151 485 202 ΗΡΩΝΟΣ
504 146 768 206 ΑΛΕΞΑΝΔΡΕΩΣ
786 148 973 200 ΜΕΤΡΙΚΩΝ
990 149 1014 198 A

171 311 238 376 ἐστι
271 312 307 375 τὸ
340 310 403 375 ἀπὸ
432 313 502 374 ΒΓ.
553 309 719 395 ἐπίτριτον
747 312 810 392 ἄρα
837 312 926 374 ἐσται
956 309 993 373 τὸ
1025 307 1088 372 ἀπὸ
1117 311 1186 372 ΒΓ

170 426 230 482 τοῦ
259 416 322 480 ἀπὸ
355 421 431 480 ΑΛ.
482 417 519 481 τὸ
552 417 615 500 ἄρα
648 415 711 479 ἀπὸ
740 417 807 479 ΒΓ
834 416 917 500 πρὸς
948 416 985 478 τὸ
1019 413 1082 479 ἀπὸ
1111 420 1181 478 ΑΔ

171 526 273 605 λόγον
296 526 372 606 ἔχει,
395 523 435 588 ὃν
459 525 479 588 δ
501 524 584 608 πρὸς
607 547 637 606 γ,
660 520 714 586 καὶ
737 511 843 586 στάντα
867 519 919 586 ἐπὶ
942 522 1002 585 τὸν
1024 520 1087 586 ἀπὸ
1107 525 1182 604 ΒΙ,

170 628 341 694 τουτέστιν
367 632 404 694 τό
431 653 466 694 τε
494 629 557 694 ἀπὸ
581 632 647 693 ΒΓ
671 627 719 712 ἐφ’
752 625 848 692 ἑαυτὸ
876 626 931 693 καὶ
958 629 995 692 τὸ
1023 626 1087 692 ἀπὸ
1111 633 1181 691 ΑΔ
1280 617 1281 622 ¹

173 734 225 801 ἐπὶ
244 737 280 800 τὸ
302 735 365 800 ἀπὸ
389 739 459 800 ΒΓ.
500 735 520 818 ἡ
545 737 608 820 ἄρα
631 735 694 800 ἀπὸ
717 744 774 818 τῆς
792 735 879 816 ΒΓΙ
901 735 1072 818 δυνάμεως
1097 734 1181 817 πρὸς
1210 751 1222 790 ⁵

171 843 207 906 τὸ
232 841 295 906 ἀπὸ
319 852 376 927 τῆς
394 846 460 907 ΒΓ
480 840 531 906 ἐπὶ
554 844 591 906 τὸ
615 841 678 906 ιἰτιὸ
702 852 758 925 τῆς
777 847 846 905 ΑΔ
869 844 970 923 λόγον
992 843 1074 924 ἔχει,
1097 839 1137 904 ὃν
1160 842 1180 905 δ

171 949 253 1033 πρὸς
276 973 306 1033 γ,
329 948 499 1015 τουτέστιν
524 949 564 1014 ὃν
588 971 625 1022 ις
647 950 728 1032 πρὸς
752 952 798 1032 ιβ.
839 951 876 1014 τὸ
900 945 937 1013 δὲ
960 948 1023 1013 ἀπὸ
1042 957 1099 1030 τῆς
1118 950 1185 1011 ΒΓ

172 1053 225 1119 ἐπὶ
248 1056 285 1119 τὸ
308 1055 371 1120 ἀπὸ
396 1066 453 1140 τῆς
471 1062 541 1121 ΑΔ
563 1057 600 1120 τὸ
624 1057 689 1121 ὑπὸ
709 1061 778 1119 ΑΔ
797 1059 863 1120 ΒΓ
882 1054 972 1120 ἐστὶν
995 1053 1046 1139 ἐφ’
1072 1053 1180 1138 ἑαυτό,

86 1178 88 1180 ·
173 1161 320 1226 τουτέστι
330 1163 391 1228 δύο
399 1167 544 1246 τρίγωνα

173 1265 223 1351 ἐφ’
261 1266 366 1334 ἑαυτά.
421 1268 441 1351 ἡ
479 1271 543 1353 ἄρα
862 1253 902 1320 Α
1196 1285 1222 1322 1⁰

172 1375 235 1440 ἀπὸ
264 1379 330 1440 ΒΓ
356 1375 543 1459 δυναμοδύ-

172 1505 269 1565 ναμις
291 1482 374 1564 πρὸς
395 1482 457 1546 δύο
476 1485 543 1564 τρί-

172 1612 263 1670 γωνα
289 1585 339 1670 ἐφ’
368 1585 467 1653 ἐαυτδι
489 1591 543 1653 λό-

172 1719 234 1776 γον
254 1695 331 1778 ἔχει,
350 1693 391 1758 δν
410 1715 442 1767 ις
461 1696 544 1779 πρὸς

173 1796 539 1885 ιβδύοδέτρίγωναέᾳέ

173 1904 273 1971 ἑαυτὰ
292 1905 365 1983 ἑνὸς
379 1909 544 1989 τριγώνου

173 2009 223 2095 ἐφ’
253 2009 349 2076 ἑαυτό
378 2012 467 2077 ἐστιν
495 2037 544 2076 τε·
591 1993 635 2052 B
870 2032 900 2108 Δ

173 2119 364 2202 τραπλάσια.
417 2118 437 2201 ἡ
479 2120 543 2203 ἄρα
825 2166 875 2216 Μ
890 2168 921 2206 20,

173 2223 237 2289 ἀπὸ
252 2233 309 2309 τῆς
323 2228 389 2290 ΒΓ
399 2227 542 2309 δυναμο-

173 2332 313 2414 δύναμις
342 2333 425 2417 πρὸς
451 2332 489 2396 ’ἐν
516 2335 680 2416 τρίγωνον
708 2331 758 2416 ἐφ’
789 2332 884 2398 ἑαυτὸ
913 2336 1015 2416 λόγον
1038 2335 1113 2416 ἔχει,
1137 2330 1180 2397 ὃν
1195 2348 1223 2386 20

174 2459 210 2512 ις
232 2439 315 2522 πρὸς
337 2464 366 2521 γ.
407 2436 461 2502 καὶ
487 2440 556 2503 ἐστι
574 2440 714 2504 δοθεῖσα
736 2439 756 2522 ἡ
780 2439 843 2505 ἀπὸ
863 2443 930 2504 ΒΓ
948 2439 1181 2522 δυναμοδύνα-

172 2570 237 2629 μις,
261 2543 330 2609 ἐπεὶ
352 2543 407 2609 καὶ
429 2544 450 2628 ἡ
474 2548 544 2609 ΒΓ.
586 2541 690 2611 δοθὲν
713 2549 776 2632 ἄρα
799 2545 868 2611 ἐστὶ
891 2548 927 2611 τὸ
952 2546 1096 2629 ἐμβαδὸν
1117 2555 1180 2610 τοῦ

173 2651 339 2735 τριγώνου
360 2649 409 2734 ἐφ’
435 2649 543 2717 ἑαυτό·
567 2650 722 2717 ὥστεκαὶ
741 2652 820 2717 αὐτὸ
835 2653 872 2716 τὸ
891 2655 1055 2735 τρίγωνον
1074 2650 1181 2715 δοθέν

173 2757 271 2823 ἐστιν.
304 2761 539 2841 συντεθήσεται
560 2754 597 2822 δὲ
620 2758 814 2834 ἀκολούθως
832 2768 870 2844 τῇ
890 2758 1047 2823 ἀναδύσει
1066 2757 1181 2832 οὕτως.

172 2867 212 2928 τὰ
241 2890 252 2928 ι
278 2863 328 2948 ἐφ’
352 2863 462 2930 ἑαυτά·
491 2869 637 2948 γίγνεται
661 2889 689 2948 ρ.
735 2873 837 2930 ταῦτα
860 2863 911 2949 ἐφ’
936 2862 1046 2928 ἑαυτά·
1073 2867 1181 2945 γίγνε-
1197 2881 1223 2922 25
1280 2947 1281 2950 Ἴ

562 2965 603 3089 ιγ’,
619 3010 765 3088 γίγνεται
784 3029 898 3091 [amos.
931 3005 1058 3070 τούτων
1081 3010 1181 3069 πλευ-
1280 3013 1281 3026 ³

172 3031 226 3071 ται
243 2982 279 3091 μ
311 3008 438 3073 τούτων
469 3004 548 3091 λαβὲ

173 3115 237 3197 ρδιν
259 3113 350 3198 λαβέ·
377 3113 433 3179 καὶ
456 3113 524 3180 ἐπεὶ
548 3112 609 3206 οὐιι
631 3115 697 3195 ἔχει
721 3112 824 3197 ῥητὴν
845 3115 1003 3197 πλευρὰν,
1026 3113 1179 3195 εἰλήφθω

173 3220 217 3295 ὡς
250 3219 417 3304 ἐμάθομεν
448 3223 581 3303 ἐγγιστα
610 3220 690 3301 μετὰ
717 3220 891 3301 διαφόρου.
941 3216 995 3283 καὶ
1023 3221 1113 3283 ἐσται
1141 3220 1180 3283 τὸ

174 3325 318 3410 ἐμβαδὸν
341 3350 389 3409 μγ
412 3326 449 3408 γ’.

173 3453 385 3464 ——..-———--

238 3525 268 3572 11
280 3521 388 3586 δυναμο
398 3515 428 3570 in
437 3535 492 3586 mg.
501 3515 640 3585 supplevit
647 3535 683 3572 m.
695 3524 708 3569 1
748 3523 781 3570 20
792 3515 1057 3587 δυναμοδυνάμεωςε
1073 3516 1182 3570 correxi
