2644 3870
370 957 613 1040 ΗΡΩΝΟΣ
640 955 945 1039 ΜΕΤΡΙΚΩΝ
972 957 1006 1038 Γ

565 1148 812 1215 ΠΡΟΟΙΜΙΟΝ

76 1311 167 1353 ωιτν
262 1296 266 1379 1
302 1294 351 1358 Οὐ
381 1296 467 1360 πολὺ
500 1291 639 1380 ἀπᾴδειν
671 1296 846 1377 νομίζομεν
876 1294 934 1369 τάς
964 1305 1031 1359 τῶν
1062 1298 1196 1380 χωρίων

184 1399 362 1486 διαιρέσεις
394 1412 461 1466 τῶν
497 1398 705 1483 γιγνομένων
741 1398 778 1464 έν
814 1410 884 1477 τοῖς
914 1404 1048 1487 χωρίοις
1077 1404 1196 1488 μετρή-

184 1525 283 1572 σεων·
310 1505 364 1571 καὶ
391 1509 455 1592 γάρ
487 1506 524 1570 τὸ
553 1505 728 1590 ἀπονεῖμαι
756 1510 880 1591 χωρίον
909 1517 979 1583 τοῖς
1006 1513 1091 1584 λσοις
1119 1515 1195 1574 ἴσον
1223 1525 1236 1564 ⁵

183 1612 239 1678 καὶ
270 1614 308 1678 τὸ
339 1612 442 1679 πλέον
472 1623 542 1689 τοῖς
569 1611 673 1691 ἀξίοις
699 1614 781 1678 κατὰ
808 1613 870 1695 τὴν
897 1611 1080 1696 ἀναλογίαν
1105 1616 1195 1680 πάνυ

128 1731 131 1738 ’
184 1721 367 1805 εὔχρηστον
392 1717 447 1784 καλ
471 1719 653 1803 ἀναγκαῖον
674 1726 858 1805 θεωρεῖται.
903 1721 966 1804 ἤδη
989 1729 1074 1804 γοῦν
1096 1720 1195 1805 καὶὴ

185 1827 340 1911 σύμπασα
367 1835 409 1910 γη
437 1824 589 1913 διῄρηται
616 1823 685 1890 κατ’
719 1825 814 1904 ἀξίαν
840 1823 896 1890 ὑπ’
929 1826 1029 1910 αὐτῆς
1051 1837 1108 1911 τῆς
1131 1828 1196 1912 φύ-
1312 1907 1314 1912 ¹

185 1950 279 2009 σεως·
307 1931 437 2018 νέμεται
464 1934 527 2018 γάρ
555 1931 624 1996 κατ’
656 1932 760 2015 αὐτην
786 1935 871 2016 ἔθνη
894 1931 1031 2017 μέγιστα
1049 1935 1197 2019 μεγάλην
1313 1915 1317 2038 Ι

185 2042 364 2124 λελογχότα
400 2040 526 2125 χώραν,
563 2041 637 2104 ένια
675 2035 712 2103 δέ
747 2037 802 2104 καὶ
834 2039 951 2123 ὀλίγην
982 2041 1083 2125 μικρὰ
1113 2038 1190 2106 καθ’
1212 2058 1237 2098 1⁰

185 2146 269 2210 αὑτὰ
296 2146 500 2231 ὑπάρχοντα·
526 2145 587 2229 οὐχ
614 2140 715 2227 ἧττον
737 2141 775 2210 δὲ
797 2142 852 2210 καὶ
874 2147 956 2210 κατά
978 2149 1058 2230 μίαν
1081 2147 1116 2210 αλ
1137 2149 1196 2211 πό-

185 2256 253 2329 λεις
279 2249 348 2316 κατ’
381 2250 476 2329 ἀξίαν
499 2249 686 2337 διῄρηνται·
713 2262 783 2327 τοῖς
805 2247 866 2335 μέν
888 2251 1026 2336 ἡγεμόσι
1049 2250 1104 2316 καὶ
1127 2265 1197 2330 τοῖς
1314 2252 1316 2287 ²

186 2359 299 2433 ἀλλοις
330 2369 400 2434 τοῖς
432 2359 546 2442 ἀρχειν
578 2355 777 2441 δυναμένοις
804 2361 900 2441 μείζω
928 2356 983 2422 καὶ
1010 2361 1091 2424 κατά
1117 2358 1196 2424 ἀνα-

185 2468 313 2548 λογίαν,
336 2475 406 2541 τοῖς
428 2460 465 2529 δέ
488 2460 592 2548 μηδὲν
613 2473 745 2529 τοιοῦτο
763 2463 963 2548 δυναμένοις
981 2466 1066 2550 δρᾶν
1083 2463 1197 2551 μικροὶ
1317 2468 1318 2477 ’

185 2574 451 2655 κατελείφθησαν
477 2573 588 2654 τόποι,
615 2573 725 2655 κῶμαί
748 2594 783 2636 τε
810 2582 879 2647 τοῖς
901 2571 1196 2658 μικροόνχοτέροις
1212 2589 1237 2630 1⁵

186 2676 240 2742 καὶ
278 2677 406 2742 ἐποίκια
441 2676 496 2742 καὶ
533 2678 594 2743 ὅσα
630 2678 767 2742 τοιαῦτά
804 2676 906 2742 ἐστιν·
941 2678 1024 2743 ἀλλά
1060 2680 1100 2743 τά
1136 2675 1197 2762 μὲν
1318 2695 1320 2748 ἰ

185 2783 472 2870 παχυμερεστέραν
499 2808 568 2861 πως
595 2782 650 2850 καὶ
678 2783 862 2870 ἀργοτέραν
889 2789 1003 2869 είληφε
1030 2786 1091 2868 τὴν
1119 2785 1197 2850 ἀνα-

187 2895 318 2974 λογίαν·
346 2892 375 2956 εί
403 2890 443 2956 δέ
467 2916 516 2968 τις
544 2893 699 2975 βούλοιτο
727 2892 809 2955 κατά
836 2891 896 2955 τὸν
924 2891 1068 2956 δοθέντα
1095 2893 1198 2974 λόγον
1317 2949 1319 2956 ,

187 2999 331 3083 διαιρεῖν
352 2998 392 3061 τὰ
415 3001 528 3083 χωρία,
552 2999 634 3062 ὥστε
657 2993 740 3082 μηδὲ
763 2998 807 3074 ὡς
827 2999 933 3062 εἰπεῖν
954 2995 1095 3084 κέγχρον
1117 3001 1198 3082 μίαν

187 3114 244 3192 τῆς
272 3103 450 3187 ἀναλογίας
476 3104 698 3189 ὑπερβάλλειν
723 3102 744 3187 ἢ
768 3102 932 3168 ἐλλείπειν
953 3113 1013 3168 τοῦ
1037 3102 1198 3182 δοθέντος
1212 3121 1238 3162 2⁰

188 3214 305 3294 λόγον,
337 3214 441 3295 μόνης
473 3212 712 3296 προσδεήσεται
742 3213 952 3295 γεωμετρίας·
985 3208 1022 3273 έν
1049 3201 1070 3295 ᾗ
1097 3208 1198 3295 ἐφαρ-

187 3319 272 3403 μογὴ
296 3313 357 3401 μὲν
336 3323 449 3401 νίση,
476 3325 515 3403 τῇ
541 3313 577 3382 δὲ
600 3317 761 3403 ἀναλογία
784 3315 994 3399 δικαιοσύνη,
1017 3314 1082 3398 η
1062 3312 1099 3380 ὲ
1121 3314 1198 3402 περὶ

260 3511 408 3566 ltitulum
422 3509 549 3581 supplevi
617 3507 767 3580 όχωρλωνε
782 3507 889 3562 correxi
957 3514 990 3561 12
1005 3507 1023 3563 f.
1034 3507 1086 3577 μὲν
1100 3507 1197 3582 (γὰρ)

225 3589 258 3638 13
277 3583 325 3638 καλ
343 3582 361 3638 f.
378 3581 528 3637 delendum
601 3587 633 3636 17
652 3600 727 3650 παχν
730 3577 905 3650 μερέστερονι
925 3579 1031 3634 correxi

26 3702 68 3714 —
