2654 3868
160 205 225 268 252
294 205 443 258 ΗΡΩΝΟΣ
462 201 729 263 ΔΔΕΞΑΝΔΡΕΩΣ
747 206 834 258 ΠΕΡΙ
853 205 1036 258 Momm

162 370 234 431 ΖΗ
251 368 334 451 πρὸς
356 365 462 452 όρθδις
484 368 578 451 ήχθω
601 365 621 449 η
646 369 727 430 ΕΗ·
751 376 790 452 τῇ
814 362 851 431 δὲ
874 369 948 430 ΕΗ
967 372 1022 450 ίση
1044 369 1171 432 κείσθω

160 473 285 554 5211&-
313 469 367 535 καὶ
395 481 433 557 τή
462 474 532 536 ΑΓ
554 474 796 557 προσευρήσθω
820 472 840 555 ή
864 475 947 555 ΑΘ,
977 471 1013 536 έν
1040 480 1085 560 τῷ
1113 482 1171 556 τής

162 581 234 642 ΖΗ
251 579 334 663 πρὸς
357 581 427 642 ΗΕ
448 581 535 665 λόγῳ
559 576 705 643 καθέτου
728 579 830 661 ούσης
853 589 910 662 τῆς
933 581 1010 643 ΕΗ.
1048 578 1106 644 έδιν
1128 580 1171 662 δή

52 701 92 742 f01.
103 701 142 742 ⁷1v
160 686 332 768 νοήσωμεν
350 683 628 769 έπιζευγνυμένην
648 681 653 770 Ι
673 685 734 768 τήν
753 688 822 770 ΘΓ,
842 687 932 750 έσται
950 685 970 768 ή
989 686 1055 751 ὑπὸ
1072 688 1173 749 ΘΓΑ

159 794 264 872 γωνία
294 794 410 867 κλίσις.
455 793 538 856 έστω
572 787 609 856 δὲ
640 790 660 875 ή
693 790 757 856 ἀπὸ
788 801 848 857 τοῦ
876 796 905 856 Β
936 789 990 857 ἐπὶ
1016 793 1078 876 τήν
1105 795 1215 856 ΑΓῡ

158 897 300 973 κάθετος
313 897 334 980 ή
349 900 435 962 ΒΜ·
450 896 504 963 καὶ
518 906 559 984 τῇ
574 901 651 963 ΓΜ
660 904 715 981 ἴση
728 901 853 963 κείσθω
868 898 888 980 ἡ
905 903 982 981 ΖΝ,
996 907 1036 984 τῇ
1051 895 1088 964 δὲ
1103 900 1141 961 Η
1142 902 1174 964 Ε

158 1003 368 1089 παράλληλος
390 1006 484 1088 ήχθω
507 1003 527 1088 ή
551 1003 635 1086 NE,
658 1014 697 1090 τῇ
721 1001 758 1070 δὲ
776 1003 846 1078 NE
874 1011 927 1087 ίση
950 1008 1075 1070 κείσθω
1100 1003 1172 1068 ἑκα-

66 1139 88 1175 ο.
103 1129 141 1168 ειε
160 1108 238 1195 τέρα
260 1120 327 1174 τῶν
350 1113 430 1194 ΒΚ,
458 1114 540 1175 ΔΛ·
568 1109 623 1175 καὶ
652 1109 900 1194 ἐπεζεύχθωσαν
927 1111 961 1175 αἱ
992 1113 1072 1193 ΘΚ,
1094 1113 1171 1194 ΚΓ,

160 1220 234 1300 ΓΛ,
258 1220 331 1282 ΛΘ.
369 1219 459 1282 ἔσται
482 1218 524 1301 δή
547 1219 584 1282 τὸ
606 1220 674 1282 ΘΚ
677 1217 784 1301 Γ<Λ>
803 1216 960 1283 ἐπίπεδον
977 1217 1172 1301 κεκλιμένον

158 1325 242 1410 πρὸς
268 1327 306 1390 τὸ
330 1324 511 1406 Α<Β>ΓΔ
538 1323 575 1388 έν
597 1333 636 1409 τῇ
659 1323 725 1389 ὑπὸ
751 1326 851 1388 ΘΓΑ
873 1327 993 1410 γωνία,
1021 1322 1170 1390 τουτέστι
1185 1342 1215 1381 1⁰

159 1439 198 1515 τή
229 1430 294 1494 ὑπὸ
327 1433 440 1494 ΕΖΗ.
486 1429 545 1495 έδιν
576 1432 640 1516 γὰρ
672 1432 845 1514 νοήσωμεν
876 1439 915 1516 τή
948 1435 980 1493 Α
987 1434 1016 1494 Θ
1047 1431 1172 1516 παράλ-

160 1541 263 1619 ληλον
289 1535 470 1621 γινομένην
496 1537 557 1620 τήν
584 1540 673 1620 ΜΟ,
700 1534 756 1601 καὶ
779 1533 997 1620 ἐπιζεύξωμεν
1018 1537 1080 1620 τήν
1105 1540 1173 1601 OK

158 1646 347 1708 πίπτουσαν
369 1641 422 1707 ἐπὶ
446 1644 482 1707 τὸ
507 1647 548 1727 Λ,
570 1643 591 1726 ή
614 1639 676 1728 μέν
698 1646 744 1707 Μ
745 1646 774 1706 O
797 1649 851 1726 ίση
875 1642 1010 1726 (ἔσται)
1032 1652 1072 1730 τή
1095 1641 1171 1715 NE.

158 1749 178 1832 ή
203 1746 240 1815 δέ
262 1752 331 1813 KO
355 1756 408 1833 ίση
432 1748 530 1834 <καὶ>
553 1751 763 1836 παράλληλος
781 1760 820 1838 τῇ
844 1754 932 1833 ΒΜ,
959 1751 1043 1835 πρὸς
1066 1750 1172 1835 ὀρθὰς

159 1853 196 1921 δὲ
224 1867 262 1942 τῇ
293 1860 367 1922 ΘΓ·
398 1858 481 1922 ὥστε
508 1854 668 1940 κέκλιται,
697 1857 741 1934 ὡς
768 1864 909 1943 είρηται,
937 1857 974 1920 τὸ
1003 1855 1169 1921 έπίπεδον.
1186 1872 1212 1913 1⁵

160 1962 218 2028 έδιν
240 1959 278 2028 δὲ
305 1963 323 2028 ὁ
350 1966 450 2040 τόπος
478 1963 495 2029 ὁ
525 1962 640 2040 δοθεὶς
668 1962 704 2028 ἐν
731 1966 865 2047 τυχόντι
888 1954 909 2049 ᾖ
931 1963 1171 2050 τετραπλεύρῳ,

160 2071 242 2134 ὥστε
272 2070 329 2145 τδις
352 2070 553 2152 διαγωνίους
580 2069 684 2134 αὐτοῦ
713 2070 757 2153 μή
780 2071 863 2155 πρὸς
885 2068 992 2155 όρθδις
1015 2067 1172 2151 ἀλλήλαις

160 2170 299 2258 <εἷναι>,
322 2185 380 2258 τῆς
398 2179 477 2240 ΒΜ
493 2177 576 2260 πρὸς
599 2175 705 2260 ὀρθὰς
728 2176 830 2258 οὔσης
852 2185 892 2260 τῇ
911 2178 986 2258 ΑΓ,
1010 2181 1087 2258 ίσην
1109 2176 1172 2258 θή-

160 2298 262 2365 σομεν
284 2283 346 2364 τὴν
368 2280 450 2364 EN,
472 2291 512 2367 τή
535 2277 573 2346 δὲ
596 2279 668 2355 EN
686 2282 747 2365 τήν
769 2285 850 2365 ΒΚ,
874 2282 918 2358 ὡς
942 2287 1083 2367 εἴρηται,
1107 2280 1170 2345 ἀπὸ

159 2396 220 2452 τοῦ
247 2392 276 2452 Β
303 2389 448 2453 κάθετον
475 2387 657 2470 ἀγαγόντες
685 2385 738 2451 ἐπὶ
770 2388 831 2470 τήν
859 2391 932 2453 ΑΓ.
982 2386 1037 2452 καὶ
1068 2387 1171 2453 ταύτὰ
1185 2407 1215 2446 2⁰

159 2496 355 2577 ποιήσαντες
377 2505 446 2569 τοῖς
470 2490 523 2558 ἐπὶ
546 2502 604 2576 τῆς
627 2496 715 2576 ΒΜ,
737 2492 947 2579 ποριούμεθα
970 2494 1015 2558 τὸ,
1030 2492 1172 2578 μέγεθος

160 2609 217 2683 τῆς
239 2604 317 2665 ΔΛ.
363 2598 608 2684 έγχωσθήσεται
636 2594 699 2665 οὖν
729 2599 747 2664 ὁ
775 2602 875 2676 τόπος
905 2601 980 2685 ἄχρι
1003 2611 1070 2665 τῶν
1095 2600 1172 2683 ΘΚ,

159 2709 235 2790 ΚΓ,
260 2709 335 2790 ΓΛ,
359 2710 426 2771 ΛΘ
450 2705 606 2771 εὐθειῶν·
634 2703 689 2771 καὶ
719 2705 756 2770 τὸ
780 2704 938 2771 ἐπίπεδον
960 2701 1172 2791 ἄπεργασθὲν

160 2811 224 2891 ἕξει
247 2815 308 2896 τήν
330 2811 507 2899 εἰρημένην
530 2815 685 2896 ἔγκλισιν.

247 2918 299 3006 Ικ.
323 2918 508 3004 Ὑπονόμου
535 2921 646 3003 ὄντος,
675 2918 786 3005 εὑρεῖν
813 2918 850 2983 ἐν
876 2927 922 3006 τῷ
948 2916 1171 3007 ὑπερκειμένη)
1186 2935 1214 2977 2⁵

161 3025 276 3110 ἐδάφει
313 3029 430 3111 τόπον,
467 3025 616 3092 τουτέστι
653 3036 804 3119 σημεῖον,
841 3023 897 3108 ἀφ’
939 3021 980 3092 οὗ
1015 3029 1172 3111 φρεατίας

160 3137 358 3217 γενηθείσης
386 3132 439 3198 ἐπὶ
467 3134 527 3198 τὸν
554 3130 700 3197 δοθέντα
730 3131 904 3215 ὑπόνομον
926 3133 1173 3216 καταντήσομεν

231 3369 247 3415 4
274 3364 330 3416 OF
398 3366 414 3414 8
439 3338 634 3424 επεζέύθωσοιν
658 3357 719 3427 (sic)
792 3364 807 3411 9
833 3362 882 3412 ΓΔ
955 3365 987 3412 12
1012 3370 1073 3414 ϊσον
1096 3379 1172 3428 γινο-

160 3432 256 3515 μένηνΙ
330 3427 517 3505 έήτιιζενξομεν
600 3435 632 3481 13
658 3431 722 3483 MO
745 3446 790 3520 ιση
815 3445 859 3496 ιση
882 3435 915 3497 τη
956 3499 962 3510 Ι
998 3434 1031 3483 18
1055 3428 1171 3520 <εϊραι>
1212 3439 1215 3446 “

116 3504 259 3592 ,ἀδιδι
333 3510 367 3572 τη
391 3505 454 3583 ΒΜ
526 3499 594 3568 ούση
672 3505 706 3552 20
733 3519 835 3555 ramat
858 3513 965 3553 corren
1046 3505 1079 3552 25
1102 3519 1172 3554 υπο-

229 3593 290 3628 ww:
311 3589 417 3628 corren
