2644 3870
189 197 232 264 84
353 198 502 253 Ηεωαου
521 195 786 258 mamm
804 200 989 254 METPIKQN
1007 203 1031 252 A

188 360 316 425 τούτων
339 364 454 443 λαβεῖν
476 362 516 425 τά
535 384 569 425 ια
588 357 649 425 ιδ’·
673 363 742 426 ἔστι
760 358 798 426 δὲ
817 368 916 448 ρμςί·
938 362 1100 427 τοσούτου
1118 361 1199 428 άπο-

189 469 371 549 φαίνεσθαι
393 467 430 531 τὸ
454 465 599 551 ἐμβαδὸν
621 476 679 551 τῆς
701 466 882 546 ἐλλείψεως.

255 577 300 637 λε.
323 570 429 637 Ἔστω
459 573 499 656 δῆ
527 574 720 660 παραβολὴν
750 583 908 661 μετρῆσαι
934 575 996 658 τῆν
1018 578 1133 658 ΑΒΓ,
1159 570 1200 658 ῆς

188 676 208 761 ῆ
227 674 289 762 μὲν
306 679 402 762 βάσις
421 677 490 744 ἐστὶ
508 680 664 763 μονάδων
685 682 734 764 ιβ,
757 680 775 746 δ
794 677 832 746 δὲ
850 685 917 746 ΒΔ
937 679 1025 759 άξων
1043 682 1200 766 μονάδων

188 809 212 850 ε.
264 784 514 869 ἐπεζεύχθωσαν
554 787 588 850 αλ

189 895 254 956 ΑΒ
274 894 345 956 ΒΓ.
378 899 423 978 τῷ
446 893 511 979 άρα
534 891 588 977 ἐμ

188 999 280 1084 βαδῷ
312 1006 372 1063 τοῦ
395 1002 500 1063 ΑΒΓ
520 1023 588 1086 τρι-

188 1105 300 1186 γώνου
336 1109 412 1170 ίσον
448 1103 516 1170 ἐστὶ
550 1107 587 1170 τὸ

187 1210 289 1294 ῆμισυ
324 1219 385 1276 τοῦ
421 1210 486 1275 ὑπὸ
523 1213 593 1274 ΑΓ

84 1331 173 1374 ιοιεν
191 1321 267 1401 ΒΛ,
293 1313 297 1404 1
318 1315 466 1382 τουτέστι
488 1318 589 1401 μονά-

189 1425 259 1488 δων
286 1428 313 1488 λ.
359 1421 529 1501 ἀπέδειξεν
551 1419 588 1488 δὲ
650 1429 693 1500 Α

182 1527 381 1616 Ἀρχιμήδης
395 1529 431 1595 έν
447 1537 492 1618 τῷ
510 1529 586 1614 έφο-
865 1563 916 1615 mg.
931 1565 963 1605 ω.

188 1637 282 1724 δικῷ,
315 1636 359 1712 ώς
386 1640 588 1721 προείρηται,

188 1742 239 1807 ὅτι
260 1751 328 1824 πᾶν
350 1751 459 1826 τμῆμα
480 1745 715 1827 περιεχόμενον
734 1742 800 1808 ὑπό
818 1765 853 1807 τε
872 1743 1005 1819 εὐθείας
1023 1740 1078 1807 καὶ
1097 1742 1198 1829 ὀρθο-

187 1853 313 1932 γωνίου
342 1850 452 1914 κώνου
479 1859 593 1933 τομῆς,
625 1846 774 1914 τουτέστι
801 1853 1004 1934 παραβολῆς,
1032 1848 1199 1935 ἐπίτριτόν
1213 1870 1240 1911 ιι
1317 1917 1318 1930 η

188 1955 258 2020 ἐστι
292 1957 458 2042 τριγώνου
493 1965 553 2021 τοῦ
587 1957 648 2039 τῆν
679 1955 783 2038 αὐτὴν
814 1955 914 2038 βάσιν
945 1958 1077 2040 ἔχοντος
1109 1956 1198 2044 αὐτῷ
1316 1963 1317 2024 ᾗ

187 2060 242 2127 καὶ
264 2061 349 2140 ὕψος
372 2068 456 2145 ἴσον,
479 2061 628 2127 τουτέστι
648 2071 709 2126 τοῦ
727 2065 831 2126 ΑΒΓ
850 2063 1024 2148 τριγώνου.
1061 2064 1143 2143 (τοῦ
1161 2059 1198 2128 δὲ

187 2170 292 2232 ΑΒΓ
310 2169 496 2252 τριγώνου)
518 2169 556 2233 τὸ
580 2167 724 2251 ἐμβαδόν
748 2166 817 2232 ἐστι
840 2169 996 2252 μονάδων
1014 2174 1042 2234 λ.
1078 2170 1115 2234 τὸ
1135 2170 1198 2253 άρα
1315 2209 1316 2244 η

187 2282 245 2356 τῆς
266 2277 455 2358 παραβολῆς
478 2273 621 2358 ἐμβαδὸν
643 2277 733 2338 ἔσται
756 2274 914 2357 μονάδων
935 2299 968 2358 μ.
1315 2263 1316 2268 ¹

254 2384 301 2454 λς.
329 2377 436 2444 Ἔστω
466 2381 648 2464 κυλίνδρου
680 2378 877 2463 ἐπιφάνειαν
908 2388 1066 2467 μετρῆσαι
1098 2379 1198 2467 χωρὶς
1211 2401 1239 2441 εο
1315 2391 1316 2400 ’

187 2497 255 2550 τῶν
281 2484 425 2569 βάσεών,
452 2481 492 2551 οὗ
522 2485 542 2569 ῆ
570 2481 631 2570 μὲν
662 2485 837 2573 διάμετρος
868 2497 936 2552 τῶν
967 2487 1096 2571 βάσεών
1129 2487 1198 2551 έστι

187 2591 344 2677 μονάδων
367 2594 410 2676 ιδ,
434 2593 470 2657 τὸ
490 2589 527 2657 δὲ
545 2591 630 2670 ὕψος
647 2592 804 2676 μονάδων
823 2617 846 2658 ε.
890 2592 948 2658 ἐὰν
967 2593 1007 2676 δῆ
1027 2595 1199 2678 νοῆσωμεν

187 2695 389 2782 τετμημένην
420 2699 481 2781 τῆν
512 2697 709 2782 ἐπιφάνειαν
740 2699 821 2764 κατά
852 2723 928 2764 τινα
958 2701 1106 2785 πλευράν
1137 2710 1197 2766 τοῦ
1314 2697 1315 2704 '

187 2806 370 2888 κυλίνδρου
387 2802 442 2867 καὶ
460 2802 708 2889 άνηπλωμένην,
725 2803 897 2871 τουτέστιν
914 2804 1128 2890 ἐντεταμένην
1151 2808 1198 2883 εἰς

188 2910 355 2994 ἐπίπεδον,
373 2912 464 2974 ἔσται
482 2934 514 2974 τι
531 2914 884 2997 παραλληλόγραμμον,
903 2906 944 2976 οὗ
962 2912 999 2976 τὸ
1018 2907 1080 2996 μὲν
1096 2922 1197 2997 μῆκος
1211 2931 1237 2972 εε

188 3020 279 3083 ἔσται
301 3017 321 3101 ῆ
343 3026 537 3104 περιφέρεια
559 3027 616 3101 τῆς
638 3016 764 3101 βάσεως
786 3027 846 3083 τοῦ
868 3019 1066 3104 κυλίνδρου,
1095 3019 1131 3084 τὸ
1161 3016 1196 3084 δὲ

187 3123 310 3201 πλάτος
332 3125 369 3189 τὸ
388 3133 448 3189 τοῦ
466 3126 649 3209 κυλίνδρου
671 3124 764 3203 ὕψος.
806 3122 876 3190 ἐπεὶ
900 3119 962 3190 οὖν
984 3123 1004 3208 ἡ
1025 3125 1197 3212 διάμετρος

188 3239 248 3296 τοῦ
271 3231 395 3296 κύκλου
419 3229 487 3295 ἐστὶ
509 3231 666 3314 μονάδων
689 3231 737 3313 ιδ,
762 3229 783 3312 ἡ
807 3231 870 3315 άρα
893 3230 1085 3318 περιφέρεια
1107 3234 1197 3297 ἔσται

82 3367 85 3382 ·
188 3338 344 3422 μονάδων
375 3338 432 3422 μδ·
464 3338 501 3402 τὸ
534 3337 597 3422 άρα
628 3345 689 3402 τοῦ
720 3338 1066 3423 παραλληλογράμμου
1097 3348 1197 3423 μῆκος

188 3445 279 3509 ἔσται
301 3445 457 3529 μονάδων
478 3445 531 3527 μδ.
577 3443 614 3507 τὸ
639 3439 676 3508 δὲ
697 3443 820 3519 πλάτος
841 3444 998 3528 μονάδων
1021 3465 1049 3509 ε·
1072 3445 1109 3509 τὸ
1134 3447 1197 3531 άρα
1210 3464 1236 3504 ιο

99 3562 167 3584 ”““
192 3549 333 3635 έαβαδὸν
365 3559 425 3616 τοῦ
456 3549 800 3635 παραλληλογράμμου
830 3552 920 3615 ἔσται
956 3552 1112 3635 μονάδων
1148 3568 1195 3616 σκ.
