<?xml version="1.0" encoding="UTF-8"?>
<!DOCTYPE html PUBLIC "-//W3C//DTD XHTML 1.0 Transitional//EN"
    "http://www.w3.org/TR/xhtml1/DTD/xhtml1-transitional.dtd">
<html xmlns="http://www.w3.org/1999/xhtml" xml:lang="en" lang="en">
 <head>
  <title>
</title>
<meta http-equiv="Content-Type" content="text/html;charset=utf-8" />
  <meta name='ocr-system' content='tesseract 3.04.00' />
  <meta name='ocr-capabilities' content='ocr_page ocr_carea ocr_par ocr_line ocrx_word'/>
</head>
<body>
  <div class='ocr_page' id='page_1' title='image "./heronisalexandr00schogoog_0083.png"; bbox 0 0 2606 3868; ppageno 0'>
   <div class='ocr_carea' id='block_1_1' title="bbox 174 164 1021 256">
    <p class='ocr_par' dir='ltr' id='par_1_1' title="bbox 174 164 1021 256">
     <span class='ocr_line' id='line_1_1' title="bbox 174 164 1021 256; baseline -0.001 -12"><span class='ocrx_word' id='word_1_1' title='bbox 174 190 216 256; x_wconf 79' lang='lat'><strong><em>62</em></strong></span> <span class='ocrx_word' id='word_1_2' title='bbox 339 191 489 245; x_wconf 70' lang='grc' dir='ltr'><strong><em>Ηνααοε</em></strong></span> <span class='ocrx_word' id='word_1_3' title='bbox 508 189 774 250; x_wconf 60' lang='lat' dir='ltr'><strong><em>mmmm</em></strong></span> <span class='ocrx_word' id='word_1_4' title='bbox 791 164 978 244; x_wconf 65' lang='lat' dir='ltr'><strong><em>mmm</em></strong></span> <span class='ocrx_word' id='word_1_5' title='bbox 996 192 1021 243; x_wconf 78' lang='lat' dir='ltr'>A</span> 
     </span>
    </p>
   </div>
   <div class='ocr_carea' id='block_1_2' title="bbox 164 349 1301 3205">
    <p class='ocr_par' dir='ltr' id='par_1_2' title="bbox 164 349 1301 3205">
     <span class='ocr_line' id='line_1_2' title="bbox 172 349 1184 440; baseline 0.001 -23"><span class='ocrx_word' id='word_1_6' title='bbox 172 377 202 436; x_wconf 91' lang='grc' dir='ltr'><strong><em>γ.</em></strong></span> <span class='ocrx_word' id='word_1_7' title='bbox 253 359 307 436; x_wconf 77' lang='grc' dir='ltr'><strong><em>ἴση</em></strong></span> <span class='ocrx_word' id='word_1_8' title='bbox 340 350 377 418; x_wconf 76' lang='grc' dir='ltr'><strong><em>δέ</em></strong></span> <span class='ocrx_word' id='word_1_9' title='bbox 407 353 428 436; x_wconf 79' lang='grc' dir='ltr'>ἡ</span> <span class='ocrx_word' id='word_1_10' title='bbox 460 349 522 437; x_wconf 74' lang='grc' dir='ltr'><strong><em>μὲν</em></strong></span> <span class='ocrx_word' id='word_1_11' title='bbox 549 351 613 426; x_wconf 73' lang='grc' dir='ltr'><strong><em>ΕΞ</em></strong></span> <span class='ocrx_word' id='word_1_12' title='bbox 641 362 681 440; x_wconf 71' lang='grc' dir='ltr'><strong><em>τῇ</em></strong></span> <span class='ocrx_word' id='word_1_13' title='bbox 708 351 794 436; x_wconf 71' lang='grc' dir='ltr'><strong><em>ΞΜ,</em></strong></span> <span class='ocrx_word' id='word_1_14' title='bbox 826 351 845 436; x_wconf 72' lang='grc' dir='ltr'><em>ἡ</em></span> <span class='ocrx_word' id='word_1_15' title='bbox 879 349 916 418; x_wconf 71' lang='grc' dir='ltr'><strong><em>δέ</em></strong></span> <span class='ocrx_word' id='word_1_16' title='bbox 943 356 1016 417; x_wconf 88' lang='lat' dir='ltr'><strong><em>EN</em></strong></span> <span class='ocrx_word' id='word_1_17' title='bbox 1040 363 1079 440; x_wconf 73' lang='grc' dir='ltr'><strong><em>τῇ</em></strong></span> <span class='ocrx_word' id='word_1_18' title='bbox 1102 357 1184 418; x_wconf 88' lang='grc' dir='ltr'><strong><em>ΝΖ·</em></strong></span> 
     </span>
     <span class='ocr_line' id='line_1_3' title="bbox 172 459 1183 545; baseline 0 -21"><span class='ocrx_word' id='word_1_19' title='bbox 172 463 263 525; x_wconf 81' lang='grc' dir='ltr'><strong><em>ἔσται</em></strong></span> <span class='ocrx_word' id='word_1_20' title='bbox 295 462 358 545; x_wconf 73' lang='grc' dir='ltr'><strong><em>ἄρα</em></strong></span> <span class='ocrx_word' id='word_1_21' title='bbox 391 462 490 543; x_wconf 83' lang='grc' dir='ltr'><em>λόγος</em></span> <span class='ocrx_word' id='word_1_22' title='bbox 519 469 575 543; x_wconf 77' lang='grc' dir='ltr'><strong><em>τῆς</em></strong></span> <span class='ocrx_word' id='word_1_23' title='bbox 600 465 664 524; x_wconf 82' lang='grc' dir='ltr'><strong><em>ΕΖ</em></strong></span> <span class='ocrx_word' id='word_1_24' title='bbox 690 461 773 544; x_wconf 81' lang='grc' dir='ltr'><strong><em>πρὸς</em></strong></span> <span class='ocrx_word' id='word_1_25' title='bbox 799 463 892 544; x_wconf 88' lang='grc' dir='ltr'><strong><em>ΜΝ,</em></strong></span> <span class='ocrx_word' id='word_1_26' title='bbox 925 459 965 524; x_wconf 88' lang='grc' dir='ltr'><strong><em>ὃν</em></strong></span> <span class='ocrx_word' id='word_1_27' title='bbox 992 480 1012 533; x_wconf 83' lang='grc' dir='ltr'><strong><em>ς</em></strong></span> <span class='ocrx_word' id='word_1_28' title='bbox 1037 460 1120 543; x_wconf 81' lang='grc' dir='ltr'><strong><em>πρὸς</em></strong></span> <span class='ocrx_word' id='word_1_29' title='bbox 1146 467 1183 543; x_wconf 77' lang='grc' dir='ltr'><strong><em>θ,</em></strong></span> 
     </span>
     <span class='ocr_line' id='line_1_4' title="bbox 172 564 1183 652; baseline -0.002 -20"><span class='ocrx_word' id='word_1_30' title='bbox 172 565 341 632; x_wconf 78' lang='grc' dir='ltr'><strong><em>τουτέστιν</em></strong></span> <span class='ocrx_word' id='word_1_31' title='bbox 382 565 423 632; x_wconf 85' lang='grc' dir='ltr'><strong><em>δν</em></strong></span> <span class='ocrx_word' id='word_1_32' title='bbox 458 569 480 650; x_wconf 98' lang='grc' dir='ltr'><strong><em>β</em></strong></span> <span class='ocrx_word' id='word_1_33' title='bbox 511 568 594 652; x_wconf 76' lang='grc' dir='ltr'><strong><em>πρὸς</em></strong></span> <span class='ocrx_word' id='word_1_34' title='bbox 625 590 654 649; x_wconf 96' lang='grc' dir='ltr'><strong><em>γ.</em></strong></span> <span class='ocrx_word' id='word_1_35' title='bbox 709 564 764 630; x_wconf 84' lang='grc' dir='ltr'><strong><em>καὶ</em></strong></span> <span class='ocrx_word' id='word_1_36' title='bbox 796 575 856 631; x_wconf 88' lang='grc' dir='ltr'><strong><em>τοῦ</em></strong></span> <span class='ocrx_word' id='word_1_37' title='bbox 888 565 952 632; x_wconf 77' lang='grc' dir='ltr'><strong><em>ἀπὸ</em></strong></span> <span class='ocrx_word' id='word_1_38' title='bbox 985 567 1087 650; x_wconf 89' lang='grc' dir='ltr'><strong>Ε&lt;Ζ&gt;</strong></span> <span class='ocrx_word' id='word_1_39' title='bbox 1119 565 1183 652; x_wconf 76' lang='grc' dir='ltr'><strong><em>δρα</em></strong></span> 
     </span>
     <span class='ocr_line' id='line_1_5' title="bbox 171 672 1182 758; baseline -0.002 -20"><span class='ocrx_word' id='word_1_40' title='bbox 171 674 254 756; x_wconf 77' lang='grc' dir='ltr'><strong><em>πρὸς</em></strong></span> <span class='ocrx_word' id='word_1_41' title='bbox 277 675 314 739; x_wconf 92' lang='grc' dir='ltr'><strong><em>τὸ</em></strong></span> <span class='ocrx_word' id='word_1_42' title='bbox 333 673 399 738; x_wconf 79' lang='grc' dir='ltr'><strong><em>ὑπὸ</em></strong></span> <span class='ocrx_word' id='word_1_43' title='bbox 422 676 487 738; x_wconf 78' lang='grc' dir='ltr'><strong><em>ΕΖ</em></strong></span> <span class='ocrx_word' id='word_1_44' title='bbox 508 673 644 757; x_wconf 84' lang='grc' dir='ltr'>Μ&lt;Ν&gt;,</span> <span class='ocrx_word' id='word_1_45' title='bbox 668 672 707 737; x_wconf 87' lang='grc' dir='ltr'><strong><em>ὃν</em></strong></span> <span class='ocrx_word' id='word_1_46' title='bbox 730 675 752 756; x_wconf 99' lang='grc' dir='ltr'><strong><em>β</em></strong></span> <span class='ocrx_word' id='word_1_47' title='bbox 774 673 859 758; x_wconf 79' lang='grc' dir='ltr'><strong><em>πρὸς</em></strong></span> <span class='ocrx_word' id='word_1_48' title='bbox 881 692 915 755; x_wconf 88' lang='grc' dir='ltr'><strong><em>γ·</em></strong></span> <span class='ocrx_word' id='word_1_49' title='bbox 939 673 1022 738; x_wconf 81' lang='grc' dir='ltr'><strong><em>ὥστε</em></strong></span> <span class='ocrx_word' id='word_1_50' title='bbox 1044 675 1127 758; x_wconf 79' lang='grc' dir='ltr'><strong><em>πρὸς</em></strong></span> <span class='ocrx_word' id='word_1_51' title='bbox 1145 675 1182 737; x_wconf 90' lang='grc' dir='ltr'><strong><em>τὸ</em></strong></span> 
     </span>
     <span class='ocr_line' id='line_1_6' title="bbox 171 778 1226 866; baseline -0.005 -22"><span class='ocrx_word' id='word_1_52' title='bbox 171 783 284 844; x_wconf 87' lang='grc' dir='ltr'><strong><em>ΕΖΜ</em></strong></span> <span class='ocrx_word' id='word_1_53' title='bbox 301 782 479 866; x_wconf 82' lang='grc' dir='ltr'><strong><em>τρίγωνον,</em></strong></span> <span class='ocrx_word' id='word_1_54' title='bbox 502 778 542 846; x_wconf 85' lang='grc' dir='ltr'><strong><em>δν</em></strong></span> <span class='ocrx_word' id='word_1_55' title='bbox 564 782 586 863; x_wconf 92' lang='grc' dir='ltr'><strong><em>β</em></strong></span> <span class='ocrx_word' id='word_1_56' title='bbox 607 781 691 865; x_wconf 80' lang='grc' dir='ltr'><strong><em>πρὸς</em></strong></span> <span class='ocrx_word' id='word_1_57' title='bbox 718 786 775 856; x_wconf 64' lang='grc' dir='ltr'><strong><em>αλ·</em></strong></span> <span class='ocrx_word' id='word_1_58' title='bbox 803 781 886 844; x_wconf 82' lang='grc' dir='ltr'><strong><em>ὥστε</em></strong></span> <span class='ocrx_word' id='word_1_59' title='bbox 913 781 996 863; x_wconf 84' lang='grc' dir='ltr'><strong><em>πρὸς</em></strong></span> <span class='ocrx_word' id='word_1_60' title='bbox 1021 781 1058 845; x_wconf 89' lang='grc' dir='ltr'><strong><em>τὸ</em></strong></span> <span class='ocrx_word' id='word_1_61' title='bbox 1087 779 1183 844; x_wconf 85' lang='grc' dir='ltr'><strong><em>δεκύ-</em></strong></span> <span class='ocrx_word' id='word_1_62' title='bbox 1213 800 1226 839; x_wconf 84' lang='lat'><strong>5</strong></span> 
     </span>
     <span class='ocr_line' id='line_1_7' title="bbox 170 881 1182 972; baseline 0.001 -22"><span class='ocrx_word' id='word_1_63' title='bbox 170 909 281 969; x_wconf 92' lang='grc' dir='ltr'><strong><em>γωνον</em></strong></span> <span class='ocrx_word' id='word_1_64' title='bbox 308 888 410 968; x_wconf 93' lang='grc' dir='ltr'><strong><em>λόγον</em></strong></span> <span class='ocrx_word' id='word_1_65' title='bbox 436 889 517 969; x_wconf 82' lang='grc' dir='ltr'><strong><em>ἔχει,</em></strong></span> <span class='ocrx_word' id='word_1_66' title='bbox 546 885 586 952; x_wconf 87' lang='grc' dir='ltr'><strong><em>δν</em></strong></span> <span class='ocrx_word' id='word_1_67' title='bbox 613 889 635 969; x_wconf 94' lang='grc' dir='ltr'><strong><em>β</em></strong></span> <span class='ocrx_word' id='word_1_68' title='bbox 656 887 739 972; x_wconf 77' lang='grc' dir='ltr'><strong><em>πρὸς</em></strong></span> <span class='ocrx_word' id='word_1_69' title='bbox 763 909 800 950; x_wconf 87' lang='grc' dir='ltr'><strong><em>ιε.</em></strong></span> <span class='ocrx_word' id='word_1_70' title='bbox 846 883 902 950; x_wconf 82' lang='grc' dir='ltr'><strong><em>καὶ</em></strong></span> <span class='ocrx_word' id='word_1_71' title='bbox 925 888 994 950; x_wconf 88' lang='grc' dir='ltr'><strong><em>ἐστι</em></strong></span> <span class='ocrx_word' id='word_1_72' title='bbox 1018 881 1122 950; x_wconf 72' lang='grc' dir='ltr'><strong><em>δοθέν</em></strong></span> <span class='ocrx_word' id='word_1_73' title='bbox 1144 887 1182 951; x_wconf 91' lang='grc' dir='ltr'><strong><em>τὸ</em></strong></span> 
     </span>
     <span class='ocr_line' id='line_1_8' title="bbox 170 988 1182 1076; baseline -0.001 -19"><span class='ocrx_word' id='word_1_74' title='bbox 170 992 234 1058; x_wconf 78' lang='grc' dir='ltr'><strong><em>ἀπὸ</em></strong></span> <span class='ocrx_word' id='word_1_75' title='bbox 253 996 330 1056; x_wconf 83' lang='grc' dir='ltr'><strong><em>ΕΖ</em></strong></span> <span class='ocrx_word' id='word_1_76' title='bbox 353 988 458 1057; x_wconf 71' lang='grc' dir='ltr'><strong><em>δοθέν</em></strong></span> <span class='ocrx_word' id='word_1_77' title='bbox 481 993 545 1076; x_wconf 76' lang='grc' dir='ltr'><strong><em>ἄρα</em></strong></span> <span class='ocrx_word' id='word_1_78' title='bbox 567 989 622 1058; x_wconf 81' lang='grc' dir='ltr'><strong><em>καλ</em></strong></span> <span class='ocrx_word' id='word_1_79' title='bbox 645 993 682 1057; x_wconf 85' lang='grc' dir='ltr'><strong><em>τὸ</em></strong></span> <span class='ocrx_word' id='word_1_80' title='bbox 706 993 903 1074; x_wconf 86' lang='grc' dir='ltr'><strong><em>δεκύγωνον.</em></strong></span> <span class='ocrx_word' id='word_1_81' title='bbox 945 995 1182 1076; x_wconf 77' lang='grc' dir='ltr'><strong><em>συντεθήσεται</em></strong></span> 
     </span>
     <span class='ocr_line' id='line_1_9' title="bbox 171 1095 1182 1181; baseline -0.002 -17"><span class='ocrx_word' id='word_1_82' title='bbox 171 1096 208 1164; x_wconf 75' lang='grc' dir='ltr'><strong><em>δὲ</em></strong></span> <span class='ocrx_word' id='word_1_83' title='bbox 235 1099 351 1175; x_wconf 81' lang='grc' dir='ltr'><strong><em>οὕτως.</em></strong></span> <span class='ocrx_word' id='word_1_84' title='bbox 378 1100 419 1163; x_wconf 86' lang='grc' dir='ltr'><strong><em>τδι</em></strong></span> <span class='ocrx_word' id='word_1_85' title='bbox 447 1122 460 1161; x_wconf 93' lang='grc' dir='ltr'><strong><em>ι</em></strong></span> <span class='ocrx_word' id='word_1_86' title='bbox 488 1095 538 1181; x_wconf 82' lang='grc' dir='ltr'><strong><em>ἐφ’</em></strong></span> <span class='ocrx_word' id='word_1_87' title='bbox 567 1095 679 1164; x_wconf 81' lang='grc' dir='ltr'><strong><em>ἑαυτό·</em></strong></span> <span class='ocrx_word' id='word_1_88' title='bbox 706 1101 854 1180; x_wconf 84' lang='grc' dir='ltr'><strong><em>γίγνεται</em></strong></span> <span class='ocrx_word' id='word_1_89' title='bbox 878 1121 911 1180; x_wconf 85' lang='grc' dir='ltr'><strong><em>ρ.</em></strong></span> <span class='ocrx_word' id='word_1_90' title='bbox 940 1106 1042 1162; x_wconf 83' lang='grc' dir='ltr'><strong><em>ταῦτα</em></strong></span> <span class='ocrx_word' id='word_1_91' title='bbox 1066 1095 1119 1163; x_wconf 79' lang='grc' dir='ltr'><strong><em>ἐπὶ</em></strong></span> <span class='ocrx_word' id='word_1_92' title='bbox 1142 1099 1182 1162; x_wconf 86' lang='grc' dir='ltr'><strong><em>τὰ</em></strong></span> 
     </span>
     <span class='ocr_line' id='line_1_10' title="bbox 170 1204 1181 1290; baseline -0.001 -21"><span class='ocrx_word' id='word_1_93' title='bbox 170 1225 212 1269; x_wconf 90' lang='grc' dir='ltr'><strong><em>ιε·</em></strong></span> <span class='ocrx_word' id='word_1_94' title='bbox 249 1208 395 1287; x_wconf 86' lang='grc' dir='ltr'><strong><em>γίγνεται</em></strong></span> <span class='ocrx_word' id='word_1_95' title='bbox 431 1228 500 1290; x_wconf 74' lang='grc' dir='ltr'><strong><em>αφ.</em></strong></span> <span class='ocrx_word' id='word_1_96' title='bbox 536 1204 665 1269; x_wconf 90' lang='grc' dir='ltr'><strong><em>τούτων</em></strong></span> <span class='ocrx_word' id='word_1_97' title='bbox 699 1207 737 1270; x_wconf 87' lang='grc' dir='ltr'><strong><em>τὸ</em></strong></span> <span class='ocrx_word' id='word_1_98' title='bbox 776 1205 892 1288; x_wconf 75' lang='grc' dir='ltr'><strong><em>ἥμισυ·</em></strong></span> <span class='ocrx_word' id='word_1_99' title='bbox 932 1208 1080 1287; x_wconf 88' lang='grc' dir='ltr'><strong><em>γίγνεται</em></strong></span> <span class='ocrx_word' id='word_1_100' title='bbox 1116 1215 1181 1282; x_wconf 78' lang='grc' dir='ltr'><strong><em>ύν·</em></strong></span> 
     </span>
     <span class='ocr_line' id='line_1_11' title="bbox 169 1309 1225 1394; baseline -0.004 -19"><span class='ocrx_word' id='word_1_101' title='bbox 169 1311 331 1376; x_wconf 83' lang='grc' dir='ltr'><strong><em>τοσούτου</em></strong></span> <span class='ocrx_word' id='word_1_102' title='bbox 353 1313 444 1376; x_wconf 87' lang='grc' dir='ltr'><strong><em>ἐσται</em></strong></span> <span class='ocrx_word' id='word_1_103' title='bbox 467 1311 504 1375; x_wconf 90' lang='grc' dir='ltr'><strong><em>τὸ</em></strong></span> <span class='ocrx_word' id='word_1_104' title='bbox 529 1309 673 1394; x_wconf 90' lang='grc' dir='ltr'><strong><em>ἐμβαδὸν</em></strong></span> <span class='ocrx_word' id='word_1_105' title='bbox 695 1320 756 1376; x_wconf 86' lang='grc' dir='ltr'><strong><em>τού</em></strong></span> <span class='ocrx_word' id='word_1_106' title='bbox 779 1312 982 1394; x_wconf 82' lang='grc' dir='ltr'><strong><em>δεκαγώνου.</em></strong></span> <span class='ocrx_word' id='word_1_107' title='bbox 1196 1332 1225 1371; x_wconf 74' lang='grc' dir='ltr'><strong><em>ιο</em></strong></span> 
     </span>
     <span class='ocr_line' id='line_1_12' title="bbox 235 1413 1181 1503; baseline -0.002 -20"><span class='ocrx_word' id='word_1_108' title='bbox 235 1420 284 1483; x_wconf 90' lang='grc' dir='ltr'><strong><em>κδ.</em></strong></span> <span class='ocrx_word' id='word_1_109' title='bbox 307 1416 414 1483; x_wconf 84' lang='grc' dir='ltr'><strong><em>Ἔστω</em></strong></span> <span class='ocrx_word' id='word_1_110' title='bbox 444 1414 670 1500; x_wconf 82' lang='grc' dir='ltr'><strong><em>ἕνδεκύγωνον</em></strong></span> <span class='ocrx_word' id='word_1_111' title='bbox 698 1418 897 1503; x_wconf 79' lang='grc' dir='ltr'><strong><em>ἰσόπλευρόν</em></strong></span> <span class='ocrx_word' id='word_1_112' title='bbox 924 1413 1038 1482; x_wconf 83' lang='grc' dir='ltr'><strong><em>τεκαὶ</em></strong></span> <span class='ocrx_word' id='word_1_113' title='bbox 1063 1418 1181 1499; x_wconf 74' lang='grc' dir='ltr'><strong><em>ἰσογώ-</em></strong></span> 
     </span>
     <span class='ocr_line' id='line_1_13' title="bbox 170 1520 1180 1610; baseline 0 -21"><span class='ocrx_word' id='word_1_114' title='bbox 170 1549 243 1592; x_wconf 91' lang='grc' dir='ltr'><strong><em>νιον</em></strong></span> <span class='ocrx_word' id='word_1_115' title='bbox 283 1526 320 1589; x_wconf 93' lang='grc' dir='ltr'><strong><em>τὸ</em></strong></span> <span class='ocrx_word' id='word_1_116' title='bbox 358 1526 769 1607; x_wconf 83' lang='grc' dir='ltr'><strong>ΑΒΓΔΕΖΗΘΚΛΜ,</strong></span> <span class='ocrx_word' id='word_1_117' title='bbox 812 1520 852 1590; x_wconf 84' lang='grc' dir='ltr'><strong><em>οὗ</em></strong></span> <span class='ocrx_word' id='word_1_118' title='bbox 894 1521 1011 1606; x_wconf 82' lang='grc' dir='ltr'><strong><em>ἑκάστη</em></strong></span> <span class='ocrx_word' id='word_1_119' title='bbox 1053 1525 1180 1610; x_wconf 75' lang='grc' dir='ltr'><strong><em>πλευρὰ</em></strong></span> 
     </span>
     <span class='ocr_line' id='line_1_14' title="bbox 168 1625 1179 1716; baseline -0.003 -20"><span class='ocrx_word' id='word_1_120' title='bbox 168 1633 324 1716; x_wconf 76' lang='grc' dir='ltr'><strong><em>μονάδων</em></strong></span> <span class='ocrx_word' id='word_1_121' title='bbox 348 1656 368 1694; x_wconf 93' lang='grc' dir='ltr'><strong><em>ι.</em></strong></span> <span class='ocrx_word' id='word_1_122' title='bbox 413 1631 525 1716; x_wconf 80' lang='grc' dir='ltr'><strong><em>εὑρεῖν</em></strong></span> <span class='ocrx_word' id='word_1_123' title='bbox 548 1630 710 1696; x_wconf 85' lang='grc' dir='ltr'><strong><em>αὐτοῦτὸ</em></strong></span> <span class='ocrx_word' id='word_1_124' title='bbox 735 1625 892 1715; x_wconf 87' lang='grc' dir='ltr'><strong><em>ἐμβαδόν.</em></strong></span> <span class='ocrx_word' id='word_1_125' title='bbox 919 1631 1179 1714; x_wconf 74' lang='grc' dir='ltr'><em>περιγεγράφθω</em></span> 
     </span>
     <span class='ocr_line' id='line_1_15' title="bbox 167 1733 1199 1823; baseline -0.003 -21"><span class='ocrx_word' id='word_1_126' title='bbox 167 1737 242 1823; x_wconf 74' lang='grc' dir='ltr'><strong><em>περὶ</em></strong></span> <span class='ocrx_word' id='word_1_127' title='bbox 271 1737 351 1803; x_wconf 90' lang='grc' dir='ltr'><strong><em>αύτὸ</em></strong></span> <span class='ocrx_word' id='word_1_128' title='bbox 378 1737 513 1820; x_wconf 82' lang='grc' dir='ltr'><strong><em>κύκλος,</em></strong></span> <span class='ocrx_word' id='word_1_129' title='bbox 541 1733 581 1801; x_wconf 87' lang='grc' dir='ltr'><strong><em>οὗ</em></strong></span> <span class='ocrx_word' id='word_1_130' title='bbox 608 1736 747 1821; x_wconf 80' lang='grc' dir='ltr'><strong><em>κέντρον</em></strong></span> <span class='ocrx_word' id='word_1_131' title='bbox 774 1739 855 1802; x_wconf 89' lang='grc' dir='ltr'><strong><em>ἐστω</em></strong></span> <span class='ocrx_word' id='word_1_132' title='bbox 883 1737 920 1801; x_wconf 90' lang='grc' dir='ltr'><strong><em>τὸ</em></strong></span> <span class='ocrx_word' id='word_1_133' title='bbox 948 1740 997 1819; x_wconf 84' lang='grc' dir='ltr'><strong><em>Ν,</em></strong></span> <span class='ocrx_word' id='word_1_134' title='bbox 1024 1733 1080 1800; x_wconf 81' lang='grc' dir='ltr'><strong><em>καὶ</em></strong></span> <span class='ocrx_word' id='word_1_135' title='bbox 1108 1734 1199 1800; x_wconf 49' lang='grc' dir='ltr'><strong><em>ἐττε-Ἰ</em></strong></span> 
     </span>
     <span class='ocr_line' id='line_1_16' title="bbox 167 1839 1221 1928; baseline -0.004 -20"><span class='ocrx_word' id='word_1_136' title='bbox 167 1845 293 1928; x_wconf 76' lang='grc' dir='ltr'><strong><em>ζεύχδω</em></strong></span> <span class='ocrx_word' id='word_1_137' title='bbox 326 1843 346 1926; x_wconf 75' lang='grc' dir='ltr'><em>ἡ</em></span> <span class='ocrx_word' id='word_1_138' title='bbox 381 1847 452 1908; x_wconf 92' lang='grc' dir='ltr'><strong><em>ΖΝ</em></strong></span> <span class='ocrx_word' id='word_1_139' title='bbox 473 1841 527 1908; x_wconf 84' lang='grc' dir='ltr'><strong><em>καὶ</em></strong></span> <span class='ocrx_word' id='word_1_140' title='bbox 556 1842 767 1927; x_wconf 71' lang='grc' dir='ltr'><strong><em>ἐκβεβλήσθω</em></strong></span> <span class='ocrx_word' id='word_1_141' title='bbox 797 1839 850 1908; x_wconf 81' lang='grc' dir='ltr'><strong><em>ἐπὶ</em></strong></span> <span class='ocrx_word' id='word_1_142' title='bbox 882 1844 919 1908; x_wconf 88' lang='grc' dir='ltr'><strong><em>τὸ</em></strong></span> <span class='ocrx_word' id='word_1_143' title='bbox 952 1841 996 1926; x_wconf 77' lang='grc' dir='ltr'><strong><em>Ξ,</em></strong></span> <span class='ocrx_word' id='word_1_144' title='bbox 1023 1840 1078 1907; x_wconf 79' lang='grc' dir='ltr'><strong><em>καὶ</em></strong></span> <span class='ocrx_word' id='word_1_145' title='bbox 1108 1840 1178 1906; x_wconf 83' lang='grc' dir='ltr'><strong><em>ἐττε-</em></strong></span> <span class='ocrx_word' id='word_1_146' title='bbox 1193 1865 1221 1904; x_wconf 86' lang='lat'><strong><em>15</em></strong></span> 
     </span>
     <span class='ocr_line' id='line_1_17' title="bbox 167 1933 1179 2036; baseline -0.003 -20"><span class='ocrx_word' id='word_1_147' title='bbox 167 1951 293 2035; x_wconf 72' lang='grc' dir='ltr'><strong><em>ζεύχδω</em></strong></span> <span class='ocrx_word' id='word_1_148' title='bbox 328 1950 349 2034; x_wconf 83' lang='grc' dir='ltr'>ἡ</span> <span class='ocrx_word' id='word_1_149' title='bbox 377 1933 451 2023; x_wconf 76' lang='grc' dir='ltr'><strong><em>ΞΗ.</em></strong></span> <span class='ocrx_word' id='word_1_150' title='bbox 501 1951 537 2015; x_wconf 93' lang='grc' dir='ltr'><strong><em>τὸ</em></strong></span> <span class='ocrx_word' id='word_1_151' title='bbox 570 1951 634 2036; x_wconf 76' lang='grc' dir='ltr'><strong><em>ἄρα</em></strong></span> <span class='ocrx_word' id='word_1_152' title='bbox 664 1948 765 2023; x_wconf 75' lang='grc' dir='ltr'><strong><em>ΖΗΞ</em></strong></span> <span class='ocrx_word' id='word_1_153' title='bbox 796 1953 961 2035; x_wconf 84' lang='grc' dir='ltr'><strong><em>τρίγωνον</em></strong></span> <span class='ocrx_word' id='word_1_154' title='bbox 993 1948 1055 2013; x_wconf 91' lang='grc' dir='ltr'><strong><em>δύο</em></strong></span> <span class='ocrx_word' id='word_1_155' title='bbox 1089 1946 1179 2013; x_wconf 83' lang='grc' dir='ltr'><strong><em>ἑνδέ-</em></strong></span> 
     </span>
     <span class='ocr_line' id='line_1_18' title="bbox 167 2051 1301 2144; baseline -0.001 -24"><span class='ocrx_word' id='word_1_156' title='bbox 167 2081 248 2120; x_wconf 91' lang='grc' dir='ltr'><strong><em>κατα</em></strong></span> <span class='ocrx_word' id='word_1_157' title='bbox 265 2066 325 2121; x_wconf 87' lang='grc' dir='ltr'><strong><em>τοῦ</em></strong></span> <span class='ocrx_word' id='word_1_158' title='bbox 344 2054 573 2139; x_wconf 81' lang='grc' dir='ltr'><strong><em>ἑνδεκαγώνου</em></strong></span> <span class='ocrx_word' id='word_1_159' title='bbox 593 2055 694 2122; x_wconf 84' lang='grc' dir='ltr'><strong><em>ἐστὶν.</em></strong></span> <span class='ocrx_word' id='word_1_160' title='bbox 719 2054 881 2121; x_wconf 81' lang='grc' dir='ltr'><strong><em>δέδεικται</em></strong></span> <span class='ocrx_word' id='word_1_161' title='bbox 901 2051 938 2119; x_wconf 81' lang='grc' dir='ltr'><strong><em>δέ</em></strong></span> <span class='ocrx_word' id='word_1_162' title='bbox 958 2053 994 2119; x_wconf 89' lang='grc' dir='ltr'><strong><em>ἐν</em></strong></span> <span class='ocrx_word' id='word_1_163' title='bbox 1012 2064 1081 2132; x_wconf 87' lang='grc' dir='ltr'><strong><em>τολς</em></strong></span> <span class='ocrx_word' id='word_1_164' title='bbox 1103 2053 1179 2139; x_wconf 81' lang='grc' dir='ltr'><strong><em>περὶ</em></strong></span> <span class='ocrx_word' id='word_1_165' title='bbox 1300 2091 1301 2144; x_wconf 54' lang='grc' dir='ltr'><strong><em>γ</em></strong></span> 
     </span>
     <span class='ocr_line' id='line_1_19' title="bbox 168 2160 1179 2250; baseline 0 -24"><span class='ocrx_word' id='word_1_166' title='bbox 168 2173 234 2226; x_wconf 86' lang='grc' dir='ltr'><strong><em>τῶν</em></strong></span> <span class='ocrx_word' id='word_1_167' title='bbox 252 2161 289 2227; x_wconf 89' lang='grc' dir='ltr'><strong><em>ἐν</em></strong></span> <span class='ocrx_word' id='word_1_168' title='bbox 307 2163 416 2250; x_wconf 78' lang='grc' dir='ltr'><strong><em>κύκλῳ</em></strong></span> <span class='ocrx_word' id='word_1_169' title='bbox 431 2162 583 2245; x_wconf 78' lang='grc' dir='ltr'><strong><em>εὐθειῶν,</em></strong></span> <span class='ocrx_word' id='word_1_170' title='bbox 603 2163 653 2228; x_wconf 80' lang='grc' dir='ltr'><strong><em>ὅτι</em></strong></span> <span class='ocrx_word' id='word_1_171' title='bbox 672 2165 770 2244; x_wconf 83' lang='grc' dir='ltr'><strong><em>λόγος</em></strong></span> <span class='ocrx_word' id='word_1_172' title='bbox 783 2171 840 2245; x_wconf 81' lang='grc' dir='ltr'><strong><em>τῆς</em></strong></span> <span class='ocrx_word' id='word_1_173' title='bbox 862 2160 923 2235; x_wconf 75' lang='grc' dir='ltr'><strong><em>ΖΞ</em></strong></span> <span class='ocrx_word' id='word_1_174' title='bbox 938 2163 1021 2247; x_wconf 79' lang='grc' dir='ltr'><strong><em>πρὸς</em></strong></span> <span class='ocrx_word' id='word_1_175' title='bbox 1042 2164 1114 2225; x_wconf 91' lang='grc' dir='ltr'><strong><em>ΖΗ</em></strong></span> <span class='ocrx_word' id='word_1_176' title='bbox 1134 2162 1179 2238; x_wconf 84' lang='grc' dir='ltr'><strong><em>ὡς</em></strong></span> 
     </span>
     <span class='ocr_line' id='line_1_20' title="bbox 167 2265 1300 2353; baseline -0.002 -20"><span class='ocrx_word' id='word_1_177' title='bbox 167 2271 300 2352; x_wconf 81' lang='grc' dir='ltr'><strong><em>ἔγγιστα</em></strong></span> <span class='ocrx_word' id='word_1_178' title='bbox 332 2268 349 2333; x_wconf 88' lang='grc' dir='ltr'>ὁ</span> <span class='ocrx_word' id='word_1_179' title='bbox 381 2280 448 2333; x_wconf 85' lang='grc' dir='ltr'><strong><em>τῶν</em></strong></span> <span class='ocrx_word' id='word_1_180' title='bbox 478 2293 515 2334; x_wconf 89' lang='grc' dir='ltr'><strong><em>κε</em></strong></span> <span class='ocrx_word' id='word_1_181' title='bbox 546 2268 629 2353; x_wconf 84' lang='grc' dir='ltr'><strong><em>πρὸς</em></strong></span> <span class='ocrx_word' id='word_1_182' title='bbox 658 2273 688 2352; x_wconf 82' lang='grc' dir='ltr'><strong><em>ζ,</em></strong></span> <span class='ocrx_word' id='word_1_183' title='bbox 712 2268 730 2334; x_wconf 90' lang='grc' dir='ltr'>ὁ</span> <span class='ocrx_word' id='word_1_184' title='bbox 758 2265 796 2333; x_wconf 72' lang='grc' dir='ltr'><strong><em>δὲ</em></strong></span> <span class='ocrx_word' id='word_1_185' title='bbox 818 2277 876 2351; x_wconf 77' lang='grc' dir='ltr'><strong><em>τῆς</em></strong></span> <span class='ocrx_word' id='word_1_186' title='bbox 902 2267 975 2341; x_wconf 73' lang='grc' dir='ltr'><strong><em>ΞΗ</em></strong></span> <span class='ocrx_word' id='word_1_187' title='bbox 999 2267 1082 2352; x_wconf 82' lang='grc' dir='ltr'><strong><em>πρὸς</em></strong></span> <span class='ocrx_word' id='word_1_188' title='bbox 1110 2271 1177 2331; x_wconf 92' lang='grc' dir='ltr'><strong><em>ΗΖ</em></strong></span> <span class='ocrx_word' id='word_1_189' title='bbox 1299 2281 1300 2312; x_wconf 61' lang='lat'>¹</span> 
     </span>
     <span class='ocr_line' id='line_1_21' title="bbox 167 2371 1218 2460; baseline -0.005 -20"><span class='ocrx_word' id='word_1_190' title='bbox 167 2377 275 2458; x_wconf 87' lang='grc' dir='ltr'><strong><em>λόγος,</em></strong></span> <span class='ocrx_word' id='word_1_191' title='bbox 290 2374 330 2439; x_wconf 89' lang='grc' dir='ltr'><strong><em>ὃν</em></strong></span> <span class='ocrx_word' id='word_1_192' title='bbox 342 2376 384 2439; x_wconf 88' lang='grc' dir='ltr'><strong><em>κδ</em></strong></span> <span class='ocrx_word' id='word_1_193' title='bbox 401 2375 484 2460; x_wconf 85' lang='grc' dir='ltr'><strong><em>πρὸς</em></strong></span> <span class='ocrx_word' id='word_1_194' title='bbox 501 2378 529 2453; x_wconf 80' lang='grc' dir='ltr'><strong><em>ζ·</em></strong></span> <span class='ocrx_word' id='word_1_195' title='bbox 565 2383 625 2438; x_wconf 87' lang='grc' dir='ltr'><strong><em>τοῦ</em></strong></span> <span class='ocrx_word' id='word_1_196' title='bbox 642 2376 706 2460; x_wconf 75' lang='grc' dir='ltr'><strong><em>ἄρα</em></strong></span> <span class='ocrx_word' id='word_1_197' title='bbox 724 2374 788 2457; x_wconf 79' lang='grc' dir='ltr'><strong><em>ότιὸ</em></strong></span> <span class='ocrx_word' id='word_1_198' title='bbox 811 2377 882 2438; x_wconf 91' lang='grc' dir='ltr'><strong><em>ΖΗ</em></strong></span> <span class='ocrx_word' id='word_1_199' title='bbox 899 2375 982 2460; x_wconf 80' lang='grc' dir='ltr'><strong><em>πρὸς</em></strong></span> <span class='ocrx_word' id='word_1_200' title='bbox 1008 2375 1046 2437; x_wconf 87' lang='grc' dir='ltr'><strong><em>τὸ</em></strong></span> <span class='ocrx_word' id='word_1_201' title='bbox 1077 2371 1218 2447; x_wconf 75' lang='grc' dir='ltr'><strong><em>ΖΗΞιο</em></strong></span> 
     </span>
     <span class='ocr_line' id='line_1_22' title="bbox 167 2469 1299 2567; baseline -0.004 -21"><span class='ocrx_word' id='word_1_202' title='bbox 167 2485 330 2567; x_wconf 80' lang='grc' dir='ltr'><strong><em>τρίγωνον</em></strong></span> <span class='ocrx_word' id='word_1_203' title='bbox 358 2484 456 2564; x_wconf 80' lang='grc' dir='ltr'><strong><em>λόγος</em></strong></span> <span class='ocrx_word' id='word_1_204' title='bbox 478 2481 496 2546; x_wconf 90' lang='grc' dir='ltr'>ὁ</span> <span class='ocrx_word' id='word_1_205' title='bbox 520 2491 586 2546; x_wconf 82' lang='grc' dir='ltr'><strong><em>τῶν</em></strong></span> <span class='ocrx_word' id='word_1_206' title='bbox 608 2487 662 2565; x_wconf 75' lang='grc' dir='ltr'><strong><em>μδ</em></strong></span> <span class='ocrx_word' id='word_1_207' title='bbox 684 2482 767 2567; x_wconf 76' lang='grc' dir='ltr'><strong><em>πρὸς</em></strong></span> <span class='ocrx_word' id='word_1_208' title='bbox 788 2482 853 2564; x_wconf 80' lang='grc' dir='ltr'><strong><em>ινδ,</em></strong></span> <span class='ocrx_word' id='word_1_209' title='bbox 876 2478 1046 2546; x_wconf 77' lang='grc' dir='ltr'><strong><em>τουτέστιν</em></strong></span> <span class='ocrx_word' id='word_1_210' title='bbox 1070 2480 1087 2545; x_wconf 88' lang='grc' dir='ltr'>ὁ</span> <span class='ocrx_word' id='word_1_211' title='bbox 1110 2491 1178 2545; x_wconf 81' lang='grc' dir='ltr'><strong><em>τῶν</em></strong></span> <span class='ocrx_word' id='word_1_212' title='bbox 1298 2469 1299 2542; x_wconf 58' lang='grc' dir='ltr'>ἶ</span> 
     </span>
     <span class='ocr_line' id='line_1_23' title="bbox 167 2583 1178 2675; baseline -0.001 -22"><span class='ocrx_word' id='word_1_213' title='bbox 167 2592 183 2668; x_wconf 81' lang='grc' dir='ltr'><em>ζ</em></span> <span class='ocrx_word' id='word_1_214' title='bbox 211 2589 294 2674; x_wconf 84' lang='grc' dir='ltr'><strong><em>πρὸς</em></strong></span> <span class='ocrx_word' id='word_1_215' title='bbox 321 2591 363 2671; x_wconf 89' lang='grc' dir='ltr'><strong><em>ιβ.</em></strong></span> <span class='ocrx_word' id='word_1_216' title='bbox 413 2596 473 2652; x_wconf 85' lang='grc' dir='ltr'><strong><em>τοῦ</em></strong></span> <span class='ocrx_word' id='word_1_217' title='bbox 502 2583 538 2652; x_wconf 80' lang='grc' dir='ltr'><strong><em>δέ</em></strong></span> <span class='ocrx_word' id='word_1_218' title='bbox 565 2589 730 2673; x_wconf 80' lang='grc' dir='ltr'><strong><em>τριγώνου</em></strong></span> <span class='ocrx_word' id='word_1_219' title='bbox 750 2587 754 2674; x_wconf 80' lang='grc' dir='ltr'>Ι</span> <span class='ocrx_word' id='word_1_220' title='bbox 774 2589 857 2675; x_wconf 76' lang='grc' dir='ltr'><strong><em>πρὸς</em></strong></span> <span class='ocrx_word' id='word_1_221' title='bbox 885 2589 921 2652; x_wconf 92' lang='grc' dir='ltr'><strong><em>τὸ</em></strong></span> <span class='ocrx_word' id='word_1_222' title='bbox 950 2585 1178 2670; x_wconf 82' lang='grc' dir='ltr'><strong><em>ἕνδεκύγωνον</em></strong></span> 
     </span>
     <span class='ocr_line' id='line_1_24' title="bbox 166 2692 1175 2781; baseline -0.002 -21"><span class='ocrx_word' id='word_1_223' title='bbox 166 2697 274 2778; x_wconf 83' lang='grc' dir='ltr'><strong><em>λόγος,</em></strong></span> <span class='ocrx_word' id='word_1_224' title='bbox 292 2693 333 2758; x_wconf 87' lang='grc' dir='ltr'><strong><em>ὃν</em></strong></span> <span class='ocrx_word' id='word_1_225' title='bbox 350 2697 372 2778; x_wconf 98' lang='grc' dir='ltr'><strong><em>β</em></strong></span> <span class='ocrx_word' id='word_1_226' title='bbox 389 2695 472 2778; x_wconf 77' lang='grc' dir='ltr'><strong><em>πρὸς</em></strong></span> <span class='ocrx_word' id='word_1_227' title='bbox 496 2713 542 2758; x_wconf 89' lang='grc' dir='ltr'><strong><em>ια·</em></strong></span> <span class='ocrx_word' id='word_1_228' title='bbox 565 2695 648 2760; x_wconf 81' lang='grc' dir='ltr'><strong><em>ὥστε</em></strong></span> <span class='ocrx_word' id='word_1_229' title='bbox 665 2696 748 2781; x_wconf 80' lang='grc' dir='ltr'><strong><em>πρὸς</em></strong></span> <span class='ocrx_word' id='word_1_230' title='bbox 770 2696 807 2760; x_wconf 89' lang='grc' dir='ltr'><strong><em>τὸ</em></strong></span> <span class='ocrx_word' id='word_1_231' title='bbox 827 2692 1054 2776; x_wconf 83' lang='grc' dir='ltr'><strong><em>ἕνδεκύγωνον</em></strong></span> <span class='ocrx_word' id='word_1_232' title='bbox 1072 2696 1175 2776; x_wconf 92' lang='grc' dir='ltr'><strong><em>λόγον</em></strong></span> 
     </span>
     <span class='ocr_line' id='line_1_25' title="bbox 166 2796 1172 2887; baseline -0.001 -21"><span class='ocrx_word' id='word_1_233' title='bbox 166 2805 231 2885; x_wconf 81' lang='grc' dir='ltr'><strong><em>ἔχει</em></strong></span> <span class='ocrx_word' id='word_1_234' title='bbox 254 2801 291 2865; x_wconf 89' lang='grc' dir='ltr'><strong><em>τὸ</em></strong></span> <span class='ocrx_word' id='word_1_235' title='bbox 319 2799 382 2864; x_wconf 79' lang='grc' dir='ltr'><strong><em>ἀπὸ</em></strong></span> <span class='ocrx_word' id='word_1_236' title='bbox 410 2809 468 2884; x_wconf 77' lang='grc' dir='ltr'><strong><em>τῆς</em></strong></span> <span class='ocrx_word' id='word_1_237' title='bbox 493 2804 572 2883; x_wconf 86' lang='grc' dir='ltr'><strong><em>ΖΗ,</em></strong></span> <span class='ocrx_word' id='word_1_238' title='bbox 600 2800 640 2865; x_wconf 87' lang='grc' dir='ltr'><strong><em>ὃν</em></strong></span> <span class='ocrx_word' id='word_1_239' title='bbox 663 2805 679 2880; x_wconf 83' lang='grc' dir='ltr'><em>ζ</em></span> <span class='ocrx_word' id='word_1_240' title='bbox 705 2802 788 2887; x_wconf 84' lang='grc' dir='ltr'><strong><em>πρὸς</em></strong></span> <span class='ocrx_word' id='word_1_241' title='bbox 815 2799 869 2879; x_wconf 83' lang='grc' dir='ltr'><strong><em>ξς·</em></strong></span> <span class='ocrx_word' id='word_1_242' title='bbox 896 2798 952 2864; x_wconf 84' lang='grc' dir='ltr'><strong><em>καὶ</em></strong></span> <span class='ocrx_word' id='word_1_243' title='bbox 975 2802 1043 2865; x_wconf 84' lang='grc' dir='ltr'><strong><em>ἐστι</em></strong></span> <span class='ocrx_word' id='word_1_244' title='bbox 1068 2796 1172 2865; x_wconf 74' lang='grc' dir='ltr'><strong><em>δοδέν</em></strong></span> 
     </span>
     <span class='ocr_line' id='line_1_26' title="bbox 165 2903 1216 2993; baseline 0.001 -22"><span class='ocrx_word' id='word_1_245' title='bbox 165 2909 202 2972; x_wconf 91' lang='grc' dir='ltr'><strong><em>τὸ</em></strong></span> <span class='ocrx_word' id='word_1_246' title='bbox 225 2907 289 2972; x_wconf 82' lang='grc' dir='ltr'><strong><em>ἀπὸ</em></strong></span> <span class='ocrx_word' id='word_1_247' title='bbox 314 2909 393 2969; x_wconf 88' lang='grc' dir='ltr'><strong><em>ΖΗ·</em></strong></span> <span class='ocrx_word' id='word_1_248' title='bbox 417 2903 521 2972; x_wconf 73' lang='grc' dir='ltr'><strong><em>δοθὲν</em></strong></span> <span class='ocrx_word' id='word_1_249' title='bbox 544 2909 608 2993; x_wconf 77' lang='grc' dir='ltr'><strong><em>ἄρα</em></strong></span> <span class='ocrx_word' id='word_1_250' title='bbox 634 2905 690 2972; x_wconf 82' lang='grc' dir='ltr'><strong><em>καὶ</em></strong></span> <span class='ocrx_word' id='word_1_251' title='bbox 712 2908 749 2974; x_wconf 88' lang='grc' dir='ltr'><strong><em>τὸ</em></strong></span> <span class='ocrx_word' id='word_1_252' title='bbox 778 2905 1013 2989; x_wconf 83' lang='grc' dir='ltr'><strong><em>ἕνδεκύγωνον.</em></strong></span> <span class='ocrx_word' id='word_1_253' title='bbox 1061 2924 1175 2972; x_wconf 91' lang='grc' dir='ltr'><strong><em>συντε-</em></strong></span> <span class='ocrx_word' id='word_1_254' title='bbox 1189 2925 1216 2966; x_wconf 72' lang='lat'><strong><em>2⁵</em></strong></span> 
     </span>
     <span class='ocr_line' id='line_1_27' title="bbox 164 2995 1296 3108; baseline -0.002 -29"><span class='ocrx_word' id='word_1_255' title='bbox 164 3017 303 3097; x_wconf 77' lang='grc' dir='ltr'><strong><em>θήσεται</em></strong></span> <span class='ocrx_word' id='word_1_256' title='bbox 322 3013 363 3096; x_wconf 79' lang='grc' dir='ltr'><strong><em>δὴ</em></strong></span> <span class='ocrx_word' id='word_1_257' title='bbox 383 3011 500 3108; x_wconf 29' lang='grc' dir='ltr'><strong><em>οὕτως’,</em></strong></span> <span class='ocrx_word' id='word_1_258' title='bbox 522 3015 562 3078; x_wconf 87' lang='grc' dir='ltr'><strong><em>τὰ</em></strong></span> <span class='ocrx_word' id='word_1_259' title='bbox 585 3039 597 3078; x_wconf 93' lang='grc' dir='ltr'><strong><em>ι</em></strong></span> <span class='ocrx_word' id='word_1_260' title='bbox 621 3010 673 3098; x_wconf 82' lang='grc' dir='ltr'><strong><em>ἐφ’</em></strong></span> <span class='ocrx_word' id='word_1_261' title='bbox 697 3011 808 3078; x_wconf 81' lang='grc' dir='ltr'><strong><em>ἑαυτά·</em></strong></span> <span class='ocrx_word' id='word_1_262' title='bbox 831 3017 979 3097; x_wconf 85' lang='grc' dir='ltr'><strong><em>γίγνεται</em></strong></span> <span class='ocrx_word' id='word_1_263' title='bbox 1003 3037 1031 3099; x_wconf 78' lang='grc' dir='ltr'><strong><em>ρ.</em></strong></span> <span class='ocrx_word' id='word_1_264' title='bbox 1072 3021 1175 3078; x_wconf 85' lang='grc' dir='ltr'><strong><em>ταῦτα</em></strong></span> <span class='ocrx_word' id='word_1_265' title='bbox 1295 2995 1296 3004; x_wconf 26' lang='lat'>¹</span> 
     </span>
     <span class='ocr_line' id='line_1_28' title="bbox 166 3117 1174 3205; baseline -0.001 -21"><span class='ocrx_word' id='word_1_266' title='bbox 166 3118 218 3185; x_wconf 80' lang='grc' dir='ltr'><strong><em>ἐπὶ</em></strong></span> <span class='ocrx_word' id='word_1_267' title='bbox 237 3121 276 3185; x_wconf 79' lang='grc' dir='ltr'><strong><em>τὰ</em></strong></span> <span class='ocrx_word' id='word_1_268' title='bbox 296 3117 349 3197; x_wconf 86' lang='grc' dir='ltr'><strong><em>ξς·</em></strong></span> <span class='ocrx_word' id='word_1_269' title='bbox 372 3123 519 3202; x_wconf 85' lang='grc' dir='ltr'><strong><em>γίγνεται</em></strong></span> <span class='ocrx_word' id='word_1_270' title='bbox 539 3141 595 3205; x_wconf 56' lang='lat' dir='ltr'><strong><em>fix·</em></strong></span> <span class='ocrx_word' id='word_1_271' title='bbox 636 3119 763 3184; x_wconf 93' lang='grc' dir='ltr'><strong><em>τούτων</em></strong></span> <span class='ocrx_word' id='word_1_272' title='bbox 786 3120 823 3184; x_wconf 93' lang='grc' dir='ltr'><strong><em>τὸ</em></strong></span> <span class='ocrx_word' id='word_1_273' title='bbox 847 3117 1002 3203; x_wconf 81' lang='grc' dir='ltr'><strong><em>ἕβδομον·</em></strong></span> <span class='ocrx_word' id='word_1_274' title='bbox 1025 3122 1174 3202; x_wconf 87' lang='grc' dir='ltr'><strong><em>γίγνεται</em></strong></span> 
     </span>
    </p>
   </div>
   <div class='ocr_carea' id='block_1_3' title="bbox 165 3202 1174 3328">
    <p class='ocr_par' dir='ltr' id='par_1_3' title="bbox 165 3202 1174 3328">
     <span class='ocr_line' id='line_1_29' title="bbox 165 3202 1174 3328; baseline -0.005 -16"><span class='ocrx_word' id='word_1_275' title='bbox 165 3242 263 3328; x_wconf 58' lang='lat' dir='ltr'><strong><em>Mi</em></strong></span> <span class='ocrx_word' id='word_1_276' title='bbox 284 3202 316 3318; x_wconf 63' lang='grc' dir='ltr'><strong><em>ξ·</em></strong></span> <span class='ocrx_word' id='word_1_277' title='bbox 343 3244 504 3309; x_wconf 87' lang='grc' dir='ltr'><strong><em>τοσούτου</em></strong></span> <span class='ocrx_word' id='word_1_278' title='bbox 523 3246 614 3309; x_wconf 86' lang='grc' dir='ltr'><strong><em>ἐσται</em></strong></span> <span class='ocrx_word' id='word_1_279' title='bbox 632 3244 668 3308; x_wconf 86' lang='grc' dir='ltr'><strong><em>τὸ</em></strong></span> <span class='ocrx_word' id='word_1_280' title='bbox 689 3241 832 3326; x_wconf 81' lang='grc' dir='ltr'><strong><em>ἐμβαδὸν</em></strong></span> <span class='ocrx_word' id='word_1_281' title='bbox 850 3252 910 3325; x_wconf 80' lang='grc' dir='ltr'><strong><em>τοῦ</em></strong></span> <span class='ocrx_word' id='word_1_282' title='bbox 932 3241 1174 3326; x_wconf 84' lang='grc' dir='ltr'><strong><em>ἑνδεκαγώνου.</em></strong></span> 
     </span>
    </p>
   </div>
   <div class='ocr_carea' id='block_1_4' title="bbox 165 3416 1174 3633">
    <p class='ocr_par' dir='ltr' id='par_1_4' title="bbox 165 3416 1174 3633">
     <span class='ocr_line' id='line_1_30' title="bbox 237 3416 1174 3486; baseline -0.003 -12"><span class='ocrx_word' id='word_1_283' title='bbox 237 3418 618 3478; x_wconf 76' lang='grc' dir='ltr'><strong><em>1ΝΞΖιεοόΞόο1,ω.1</em></strong></span> <span class='ocrx_word' id='word_1_284' title='bbox 661 3416 995 3486; x_wconf 76' lang='grc' dir='ltr'><strong><em>3τοῦάτιδΕεεωμμ1ωνί</em></strong></span> <span class='ocrx_word' id='word_1_285' title='bbox 1035 3420 1174 3472; x_wconf 80' lang='lat' dir='ltr'>4EZM:</span> 
     </span>
     <span class='ocr_line' id='line_1_31' title="bbox 165 3487 1174 3561; baseline -0.004 -16"><span class='ocrx_word' id='word_1_286' title='bbox 165 3491 290 3561; x_wconf 84' lang='lat' dir='ltr'>supplevi</span> <span class='ocrx_word' id='word_1_287' title='bbox 350 3497 383 3546; x_wconf 90' lang='lat'><strong><em>10</em></strong></span> <span class='ocrx_word' id='word_1_288' title='bbox 401 3499 547 3545; x_wconf 76' lang='grc' dir='ltr'><strong><em>τοοοῦτονε</em></strong></span> <span class='ocrx_word' id='word_1_289' title='bbox 567 3487 672 3544; x_wconf 81' lang='lat' dir='ltr'><strong>correxi</strong></span> <span class='ocrx_word' id='word_1_290' title='bbox 732 3494 763 3541; x_wconf 79' lang='lat'><strong><em>1‘1</em></strong></span> <span class='ocrx_word' id='word_1_291' title='bbox 785 3487 818 3542; x_wconf 81' lang='lat' dir='ltr'><strong><em>of.</em></strong></span> <span class='ocrx_word' id='word_1_292' title='bbox 834 3504 905 3556; x_wconf 77' lang='lat' dir='ltr'>quae</span> <span class='ocrx_word' id='word_1_293' title='bbox 921 3488 957 3541; x_wconf 76' lang='lat' dir='ltr'><strong><em>ad</em></strong></span> <span class='ocrx_word' id='word_1_294' title='bbox 974 3505 1000 3557; x_wconf 89' lang='lat' dir='ltr'><strong><em>p.</em></strong></span> <span class='ocrx_word' id='word_1_295' title='bbox 1016 3493 1059 3556; x_wconf 84' lang='lat'><strong><em>58,</em></strong></span> <span class='ocrx_word' id='word_1_296' title='bbox 1075 3493 1107 3542; x_wconf 78' lang='lat'><strong><em>19</em></strong></span> <span class='ocrx_word' id='word_1_297' title='bbox 1123 3488 1174 3542; x_wconf 80' lang='lat' dir='ltr'><strong><em>ad-</em></strong></span> 
     </span>
     <span class='ocr_line' id='line_1_32' title="bbox 165 3557 1059 3633; baseline -0.007 -15"><span class='ocrx_word' id='word_1_298' title='bbox 165 3563 262 3633; x_wconf 78' lang='lat' dir='ltr'>scripsi</span> <span class='ocrx_word' id='word_1_299' title='bbox 334 3569 368 3617; x_wconf 78' lang='lat'><strong><em>20</em></strong></span> <span class='ocrx_word' id='word_1_300' title='bbox 389 3565 445 3616; x_wconf 90' lang='grc' dir='ltr'><strong><em>ΖΗ</em></strong></span> <span class='ocrx_word' id='word_1_301' title='bbox 450 3565 483 3631; x_wconf 66' lang='lat' dir='ltr'><strong><em>Z?</em></strong></span> <span class='ocrx_word' id='word_1_302' title='bbox 503 3559 608 3615; x_wconf 79' lang='lat' dir='ltr'>correxi</span> <span class='ocrx_word' id='word_1_303' title='bbox 679 3564 713 3612; x_wconf 77' lang='lat'><strong><em>25</em></strong></span> <span class='ocrx_word' id='word_1_304' title='bbox 734 3563 830 3613; x_wconf 88' lang='grc' dir='ltr'><strong><em>ΖΗΔ·</em></strong></span> <span class='ocrx_word' id='word_1_305' title='bbox 851 3558 932 3614; x_wconf 74' lang='grc' dir='ltr'><strong><em>όθενι</em></strong></span> <span class='ocrx_word' id='word_1_306' title='bbox 952 3557 1059 3614; x_wconf 81' lang='lat' dir='ltr'><strong>correxi</strong></span> 
     </span>
    </p>
   </div>
   <div class='ocr_carea' id='block_1_5' title="bbox 0 0 1308 3868">
    <p class='ocr_par' dir='ltr' id='par_1_5' title="bbox 0 0 1308 3868">
     <span class='ocr_line' id='line_1_33' title="bbox 0 0 1308 3868; baseline 0 2"><span class='ocrx_word' id='word_1_307' title='bbox 0 0 1308 3868; x_wconf 95' lang='lat' dir='ltr'><strong><em> </em></strong></span> 
     </span>
    </p>
   </div>
  </div>
 </body>
</html>
