2644 3870
172 176 238 240 120
337 178 485 232 Ηοοοοτ
503 177 769 238 mmmm
788 180 1013 234 αοοοικοαο

170 337 259 417 ἄξων
282 337 336 404 καὶ
359 341 394 405 αἱ
417 341 587 427 διάμετροι
609 353 676 406 τῶν
699 342 836 424 βόσεων.
881 340 966 424 λέγω
991 343 1041 407 ὅτι
1063 340 1118 407 καὶ
1141 343 1179 406 τὸ

170 447 305 531 στερεὸν
332 456 392 511 τού
414 447 580 533 κολούρου
601 449 712 513 κώνου
735 447 839 513 δοθέν
863 447 960 513 ἐστιν.
1005 452 1179 532 νενοήσθω

86 553 90 558 ’
168 553 233 637 γὰρ
256 551 277 636 ή
300 561 360 618 τοῦ
382 553 493 617 κώνου
515 554 645 638 κορυφή
669 555 706 618 τὸ
730 555 770 618 Γ·
796 551 843 618 ἐπ’
867 554 1001 630 εὐθείας
1023 556 1089 640 ἄρα
1110 553 1179 620 ἐστὶ

61 887 153 929 flu*

168 669 239 734 τοῖς
262 664 304 742 Α,
323 662 365 722 Β·
387 656 442 724 καὶ
466 657 676 743 ἐκβεβλήσθω
701 661 756 724 διδ
780 669 837 743 τῆς
856 664 922 724 ΑΒ
946 659 1102 726 ἐτιίτιεδον
1124 659 1179 726 καλ
1288 646 1289 650 ¹

169 767 303 829 ποιείτω
340 765 444 848 τομήν
480 764 517 830 ἐν
552 762 612 849 μὲν
643 775 682 852 τή
716 765 891 853 ἐπιφανείᾳ
922 776 982 833 τοῦ
1013 767 1179 853 κολούρου
1208 788 1222 828 5

170 870 281 934 κώνου
312 871 349 935 τὸ
378 873 480 936 ΓΔΕ
507 876 680 958 τρίγωνον,
701 872 705 956 Ι
726 870 763 936 έν
794 869 832 938 δὲ
861 883 932 949 ταῖς
959 873 1095 956 βάσεσιν
1122 875 1180 950 τὰς

169 981 329 1041 ΔΕΖΗ
351 977 556 1064 διαμέτρους.
605 981 704 1061 λόγος
732 981 796 1064 όίρα
822 989 880 1062 τής
907 984 977 1044 ΔΒ
1001 980 1084 1066 πρὸς
1113 983 1185 1044 ΖΗ

169 1085 293 1160 δοθείς.
343 1085 425 1150 ώστε
456 1083 511 1150 καὶ
543 1095 601 1168 τής
627 1087 698 1150 ΔΓ
725 1087 807 1170 πρὸς
835 1088 912 1170 ΓΖ,
944 1090 1091 1151 τουτέστι
1123 1095 1180 1170 τής

170 1192 237 1255 ΒΓ
259 1191 343 1276 πρὸς
370 1192 447 1255 ΓΑ·
475 1188 529 1254 καὶ
558 1192 702 1255 διελόντι
728 1200 786 1273 τής
809 1194 874 1255 BA
901 1193 984 1278 πρὸς
1006 1195 1079 1256 ΑΓ.
1124 1189 1180 1257 καὶ

169 1299 239 1361 ἔστι
263 1297 401 1362 δοθεῖσα
423 1295 443 1378 ή
463 1300 541 1360 AB·
565 1297 704 1362 δοθεῖσα
727 1297 790 1382 ἄρα
807 1295 863 1360 καὶ
883 1296 903 1380 ή
923 1302 955 1360 Α
961 1300 1001 1363 Γ·
1024 1299 1107 1364 ώστε
1124 1296 1179 1384 καὶ
1194 1321 1223 1361 ιο

104 1431 106 1435 ·
169 1402 230 1485 ὅλη
253 1401 273 1485 ή
297 1405 364 1467 ΒΓ
382 1403 521 1468 δοθεῖσα
545 1401 648 1486 ἐστιν,
672 1401 842 1468 τουτέστιν
865 1403 882 1468 6
906 1402 993 1482 όίξων
1016 1414 1076 1469 τοῦ
1099 1406 1180 1470 ὅλου
1222 1413 1228 1422 '

169 1509 288 1574 κώνου.
335 1510 474 1573 δοθεῖσα
498 1505 534 1573 δὲ
557 1506 612 1573 καὶ
635 1507 655 1591 ή
678 1513 749 1572 ΔΕ
770 1510 944 1595 διάμετρος
966 1519 1023 1593 τής
1046 1512 1180 1594 βάσεως.

170 1614 302 1680 δέδοται
330 1615 393 1700 όίρα
415 1611 470 1679 καὶ
494 1613 512 1678 6
535 1624 655 1697 κῶνος,
685 1609 725 1679 οὗ
749 1615 844 1697 βοίσις
866 1611 928 1699 μέν
950 1615 967 1680 6
991 1613 1067 1702 περὶ
1090 1618 1127 1681 τὸ
1151 1620 1180 1680 Β

169 1720 309 1808 κέντρον
331 1721 461 1804 κύκλος,
484 1721 614 1806 κορυφή
638 1716 675 1785 66
697 1721 734 1786 τὸ
759 1723 791 1785 Γ
811 1731 955 1804 σημεῖον.
999 1723 1055 1787 διὰ
1077 1723 1181 1788 ταύτό

169 1829 211 1911 δή
239 1826 294 1892 καὶ
323 1828 340 1893 6
368 1839 488 1910 κῶνος,
516 1821 556 1892 οὗ
584 1827 680 1909 βώσις
702 1822 763 1911 μὲν
786 1827 804 1892 6
827 1824 903 1913 περὶ
925 1829 963 1892 τὸ
987 1833 1019 1891 A
1040 1827 1181 1914 κέντρον
1195 1849 1223 1890 15

169 1935 303 2010 κύκλος·
334 1934 465 2020 κορυφή
498 1930 534 1998 δέ
564 1934 601 1998 τὸ
631 1936 663 1998 Γ
687 1943 837 2018 σημεῖον,
870 1935 984 2010 δοθείς
1012 1934 1093 2000 ἐστι·
1124 1934 1180 2001 καὶ

169 2041 285 2116 λοιπὸς
308 2042 372 2127 όίρα
395 2040 412 2105 6
433 2042 595 2126 κόλουρος
612 2051 718 2115 κῶνος
736 2042 851 2116 δοθείς
871 2040 947 2106 ε’στι.
989 2042 1098 2125 δεήσει
1117 2045 1181 2126 ἄρα

169 2155 305 2229 ποιήσαι
333 2149 377 2223 ώς
404 2148 464 2230 τήν
487 2150 556 2210 ΔΕ
581 2147 759 2231 διώμετρον
781 2148 863 2232 πρὸς
885 2148 946 2230 τήν
971 2151 1051 2231 ΖΗ,
1078 2165 1181 2234 προσ-

170 2256 322 2336 τεθείσης
354 2263 393 2339 τή
425 2256 491 2316 ΑΒ
524 2260 580 2335 τῆς
612 2254 683 2315 ΑΓ
709 2253 770 2334 τήν
802 2256 869 2318 ΒΓ
896 2255 979 2340 πρὸς
1012 2257 1090 2319 ΓΛ·
1125 2252 1180 2319 καὶ

170 2360 315 2424 διελόντι
338 2360 382 2435 ώς
404 2359 424 2442 ἡ
448 2369 515 2423 τῶν
532 2361 602 2422 ΔΕ
620 2360 692 2421 ΖΗ
708 2358 852 2444 ὑπεροχή
876 2361 958 2444 πρὸς
979 2361 1040 2444 τήν
1060 2365 1136 2445 ΖΗ,
1159 2361 1222 2446 ήεο

170 2470 237 2530 BA
263 2466 346 2552 πρὸς
372 2465 433 2548 τήν
456 2467 529 2529 ΑΓ.
569 2465 709 2529 δοθεῖσα
736 2461 773 2529 δὲ
799 2465 819 2548 ἡ
843 2469 921 2530 BA·
950 2467 1089 2532 δοθεῖσα
1117 2469 1181 2554 ἄρα

170 2569 225 2638 καὶ
247 2571 268 2656 ή
292 2573 365 2636 ΛΓ.
411 2568 465 2635 καὶ
488 2579 646 2656 μετρήσαι
669 2572 729 2635 τὸν
750 2582 869 2656 κῶνον,
896 2567 936 2637 οὗ
959 2574 1055 2656 βάσις
1077 2571 1138 2658 μὲν
1162 2575 1180 2640 6

170 2676 246 2764 περὶ
273 2679 310 2743 τὸ
334 2681 362 2741 Β
385 2676 523 2761 κέντρον
546 2676 680 2760 κύκλος,
707 2679 838 2763 κορυφὴ
862 2675 899 2743 δὲ
921 2679 958 2743 τὸ
983 2682 1015 2744 Γ
1034 2691 1180 2764 σημεῖον,

170 2783 226 2850 καὶ
244 2783 308 2849 ἀπὸ
328 2783 448 2848 τούτου
467 2781 604 2867 ἀφελεῖν
622 2783 681 2847 τὸν
694 2795 814 2867 κῶνον,
833 2780 873 2850 οὗ
888 2787 984 2868 βοίσις
996 2782 1058 2870 μὲν
1072 2787 1089 2852 6
1104 2784 1180 2873 περὶ

169 2892 209 2956 τὸ
231 2896 264 2954 Α
285 2889 424 2975 κέντρον
446 2889 580 2973 κύκλος,
608 2891 738 2975 κορυφή
763 2887 799 2955 δὲ
822 2892 859 2956 τὸ
884 2895 916 2957 Γ
935 2902 1079 2975 σημεῖον.
1124 2890 1180 2958 καὶ
1194 2911 1221 2951 2⁵

170 2997 290 3062 λοιπὸν
313 2994 560 3079 ἀποφαίνεσθαι
583 2996 620 3060 τὸ
644 2998 778 3080 στερεὸν
800 3007 860 3062 τοῦ
878 2999 1044 3081 κολούρου
1061 3001 1180 3064 κώνου.

239 3125 280 3166 ια.
314 3105 469 3187 Σφαίρας
502 3103 658 3185 δοθείσης
689 3114 747 3187 τής
779 3103 957 3188 διαμέτρου
984 3106 1140 3188 μονάδων
1169 3132 1181 3170 ι

171 3209 283 3294 εὑρεῖν
314 3209 351 3272 τὸ
384 3209 527 3294 στερεόν.
573 3207 771 3295 Ἀρχιμήδης
798 3208 835 3275 έν
862 3219 907 3298 τῶ
935 3209 1009 3294 περὶ
1038 3217 1181 3297 σφαίρας

169 3312 226 3380 καὶ
258 3315 440 3399 κυλίνδρου
473 3312 503 3401 (Ι
530 3337 554 3378 ο.
574 3315 617 3379 34
648 3315 773 3380 corroll.
801 3315 898 3380 vol.I
924 3339 954 3400 p.
980 3317 1043 3380 146
1071 3316 1194 3404 Heib.)

86 3606 160 3624 ᾧ

244 3547 277 3596 16
291 3542 322 3598 τὸ
336 3539 429 3614 τρίτον
444 3549 570 3612 σημεῖονε
585 3558 719 3611 suprascr.
731 3547 757 3596 Γ
767 3561 802 3596 m.
816 3549 830 3595 1
899 3549 932 3598 19
948 3548 1008 3598 BA:
1024 3559 1092 3598 corr.
1102 3545 1180 3598 Nath
