2644 3870
164 191 207 256 82
330 193 480 245 ΗΡΩΝΟΣ
498 187 763 250 ΔΛΕΞΑΝΔΡΕΩΣ
781 190 967 242 ΜΕΤΡΙΚΩΝ
985 191 1008 241 Α

55 374 146 416 ιοιευ
232 360 281 436 λγ.
319 353 326 436 Ι
357 351 436 430 Ἐάν
468 349 505 418 δὲ
537 351 595 438 δέή
627 360 735 436 τμήμα
766 360 924 437 μετρῆσαι
954 353 1064 434 μεῖζον
1100 348 1175 433 ήμι-

162 463 311 544 κυκλίου,
334 462 537 544 μετρήσομεν
560 457 672 534 οὕτως.
705 461 786 523 ἐστω
809 466 918 541 τμήμα
940 457 1064 522 κύκλου
1087 455 1173 536 τὸ[ῦ]

164 569 274 650 ΑΒΓ,
302 561 343 631 οὗ
369 565 389 649 ή
417 561 478 649 μὲν
506 568 576 629 ΑΓ
598 565 694 648 βάσις
720 566 801 629 ἐστω
829 565 989 648 μονάδωνΙ
1012 564 1060 646 ιδ,
1087 561 1108 644 ή
1137 557 1174 626 δὲ

163 677 231 737 BA
270 672 411 747 κάθετος
446 672 602 756 μονάδων
639 672 681 736 ιδ.
734 669 1114 757 αροσανατιεαληρώσθω
1155 667 1174 732 δ

163 780 284 855 κύκλος
314 777 369 843 καὶ
402 777 612 862 ἐκβεβλήσθω
642 777 662 860 ἡ
697 781 764 841 BA
797 775 849 841 ἐπὶ
881 777 918 841 τὸ
946 781 984 840 Ε.
1035 773 1104 840 ἐπεὶ
1136 775 1173 839 τὸ
1202 791 1216 832 ⁵

164 885 228 951 άκδ
260 894 318 970 τής
344 875 423 969 ΑΛ1
444 890 519 949 ίσον
546 870 615 948 ἐστὶ

164 1001 210 1080 τῷ
228 993 294 1058 ὑπὸ
308 1002 375 1057 τῶν
390 994 507 1074 ΒΔΕ,
525 991 562 1054 τὸ
577 985 614 1054 δέ
919 965 959 1032 B

164 1099 228 1164 άτιὸ
265 1108 322 1182 τής
356 1102 425 1161 ΑΔ
460 1097 616 1181 μονάδων

165 1203 234 1270 ἐστὶ
262 1211 326 1288 μθ,
360 1206 457 1268 ἔσται’
475 1205 538 1288 άρα
560 1201 615 1267 καὶ

164 1313 202 1376 τὸ
224 1311 290 1376 ὑπὸ
311 1321 379 1376 των
397 1314 463 1373 BA
469 1314 501 1373 Ε
516 1309 616 1393 μονά-

165 1419 235 1482 δων
265 1424 323 1502 μθ.
378 1414 432 1481 καὶ
470 1419 560 1480 ἐστιν
596 1414 616 1497 ἡ

165 1527 232 1587 BA
255 1523 410 1607 μονάδων
435 1524 481 1587 ιδ·
509 1521 529 1605 ἡ
553 1523 617 1608 άρα

164 1633 235 1696 ΔΕ
260 1631 351 1694 ἐσται
377 1629 534 1712 μονάδων
561 1634 616 1709 γλ·

166 1738 256 1802 ἐστιν
302 1730 339 1799 δέ
388 1732 443 1801 καὶ,
493 1733 513 1817 ἡ
552 1736 622 1797 ΑΓ
663 1684 704 1752 Α
724 1696 1173 1957 ’,Γ

164 1842 322 1926 μονάδων
362 1842 409 1905 ιδ
452 1849 512 1905 τοῦ
554 1842 618 1925 άρα
1189 1857 1216 1898 15
1319 1919 1320 1938 ρ

166 1951 270 2013 ΑΕΓ
289 1947 504 2032 τμήματος,ὅ
486 1945 618 2012 οέστιν
905 1979 949 2046 Ε

166 2057 307 2119 ἔλασσον
334 2053 545 2138 ἡμικυκλίου,
580 2055 616 2118 τὸ
714 2117 716 2121 1

166 2159 354 2243 ἐμβαδὸνέ
352 2163 429 2224 ’σται
453 2160 619 2244 μονάδων,
668 2145 669 2148 ¹

167 2267 211 2342 ὡς
239 2264 421 2350 ἐμάθομεν,
449 2266 490 2330 λδ
512 2263 551 2348 ή.
595 2263 650 2328 καὶ
673 2263 743 2329 ἐπεὶ
765 2264 786 2347 ή
810 2261 871 2348 μὲν
894 2268 961 2328 BA
984 2262 1052 2328 ἐστὶ
1075 2265 1176 2348 μονά-

166 2374 236 2437 δων
264 2374 308 2456 ιδ,
334 2371 354 2456 ή
384 2367 420 2436 δὲ
448 2375 517 2435 AE
547 2377 609 2454 μί,
640 2370 660 2454 ἡ
693 2372 757 2456 άρα
788 2374 854 2434 ΒΕ
885 2370 1058 2455 διάμετρος
1085 2373 1218 2436 ἐσταιεο

165 2478 322 2563 μονάδων
336 2481 370 2556 ιζ
375 2486 403 2553 L·
419 2486 483 2543 ,τοῦ
502 2479 566 2563 άρα
583 2476 708 2541 κύκλου
726 2477 763 2542 τὸ
783 2476 927 2560 ἐμβαδὸν
945 2477 989 2552 ὡς
1008 2475 1181 2562 ἐμάθομεν

167 2587 257 2650 ἔσται
277 2583 394 2668 σμίή.
424 2578 472 2648 ὧν
495 2584 532 2648 τὸ
551 2591 611 2648 τοῦ
630 2586 735 2648 ΑΕΓ
752 2585 916 2667 τμήματος
940 2582 1084 2667 ἐμβαδόν
1107 2582 1175 2648 ἐστι

166 2692 324 2775 μονάδων
350 2687 439 2774 λδή.
488 2689 703 2775 λοιτιὸνάρα
732 2689 769 2754 τὸ
798 2698 858 2754 τοῦ
886 2692 990 2753 ΑΒΓ
1013 2692 1176 2774 τμήματος

167 2797 313 2882 ἐμβαδὸν
335 2799 426 2861 ἐσται
449 2796 605 2880 μονάδων
628 2802 707 2871 σςζ.

234 2906 283 2969 λδ.
314 2902 422 2968 Ἔστω
447 2898 660 2988 δέιέλλειψιν
682 2912 850 2987 μετρῆσαι,
872 2896 911 2984 ής
934 2901 951 2967 δ
975 2898 1036 2986 μὲν
1058 2906 1176 2986 μείζων
1191 2921 1217 2962 ει

167 3009 259 3093 άξων
273 3010 430 3094 μονάδων
448 3029 491 3092 ις,
513 3007 532 3074 ὁ
557 3004 594 3073 δέ
618 3007 765 3074 ἐλάσσων
784 3012 827 3092 ιβ.
869 3006 939 3089 ἐπεὶ
962 3003 1025 3073 οὖν
1048 3008 1085 3073 ἐν
1107 3021 1176 3085 τοῖς

166 3115 382 3184 κωνοειδέσιν
389 3114 607 3200 Ἀρχιμήδους
621 3117 789 3180 δείκνυται
804 3112 875 3201 (αὖ
890 3112 937 3178 λΙ
952 3137 981 3197 p.
993 3114 1175 3202 312Heib.)

167 3224 218 3290 ὅτι
253 3224 292 3289 τὸ
328 3223 393 3287 ὑπὸ
429 3233 505 3302 τῶν
533 3221 661 3300 ἀξόνων
696 3222 835 3296 δύναται
870 3221 995 3287 κύκλον
1031 3227 1106 3286 ίσον
1136 3230 1175 3306 τῇ

167 3329 325 3414 ἐλλείψει,
359 3331 481 3412 δεήσει
499 3330 538 3393 τὰ
571 3327 651 3402 ιςέ
635 3325 688 3392 ἐπὶ
715 3329 754 3392 τά
783 3331 817 3443 ιβ
843 3328 1177 3393 πολλαπλασιάσαντα

864 2104 915 2154 Εἰς.
930 2105 962 2145 37.

1 3447 2 3500 7
74 3500 141 3520 Α
240 3493 326 3542 ἳτοῠ
354 3490 445 3542 ΑΒΓι
474 3483 580 3557 correxi
652 3489 685 3537 19
705 3485 770 3538 ante
796 3481 881 3552 λδή
911 3483 1014 3537 delevit
1041 3503 1077 3553 μν
1104 3489 1175 3538 m.1

204 3563 300 3629 ‘moys
320 3575 387 3614 corr.
402 3563 467 3612 ωδ
525 3561 559 3610 28
573 3547 764 3628 <διάμετρον>
778 3554 881 3610 κύκλον
898 3555 958 3608 ἴσον
973 3553 1042 3608 coni.
1041 3503 1179 3624 ⁹Heiberg
