<?xml version="1.0" encoding="UTF-8"?>
<!DOCTYPE html PUBLIC "-//W3C//DTD XHTML 1.0 Transitional//EN"
    "http://www.w3.org/TR/xhtml1/DTD/xhtml1-transitional.dtd">
<html xmlns="http://www.w3.org/1999/xhtml" xml:lang="en" lang="en">
 <head>
  <title>
</title>
<meta http-equiv="Content-Type" content="text/html;charset=utf-8" />
  <meta name='ocr-system' content='tesseract 3.04.00' />
  <meta name='ocr-capabilities' content='ocr_page ocr_carea ocr_par ocr_line ocrx_word'/>
</head>
<body>
  <div class='ocr_page' id='page_1' title='image "./heronisalexandr00schogoog_0015.png"; bbox 0 0 2606 3868; ppageno 0'>
   <div class='ocr_carea' id='block_1_1' title="bbox 168 180 811 244">
    <p class='ocr_par' dir='ltr' id='par_1_1' title="bbox 168 180 811 244">
     <span class='ocr_line' id='line_1_1' title="bbox 168 180 811 244; baseline 0.006 -10"><span class='ocrx_word' id='word_1_1' title='bbox 168 180 220 234; x_wconf 81' lang='lat' dir='ltr'><strong>XII</strong></span> <span class='ocrx_word' id='word_1_2' title='bbox 533 183 811 244; x_wconf 77' lang='lat' dir='ltr'><strong>PROLEGOhOENA.</strong></span> 
     </span>
    </p>
   </div>
   <div class='ocr_carea' id='block_1_2' title="bbox 168 348 1185 1938">
    <p class='ocr_par' dir='ltr' id='par_1_2' title="bbox 168 348 1185 1938">
     <span class='ocr_line' id='line_1_2' title="bbox 169 348 1179 424; baseline 0.006 -20"><span class='ocrx_word' id='word_1_3' title='bbox 169 349 245 424; x_wconf 83' lang='lat' dir='ltr'><strong>quot</strong></span> <span class='ocrx_word' id='word_1_4' title='bbox 271 349 303 408; x_wconf 92' lang='lat' dir='ltr'><strong>in</strong></span> <span class='ocrx_word' id='word_1_5' title='bbox 330 348 481 410; x_wconf 76' lang='lat' dir='ltr'><strong>codicibus</strong></span> <span class='ocrx_word' id='word_1_6' title='bbox 500 349 713 410; x_wconf 87' lang='lat' dir='ltr'><strong>recentioribus</strong></span> <span class='ocrx_word' id='word_1_7' title='bbox 735 349 848 410; x_wconf 82' lang='lat' dir='ltr'><strong>Heroni</strong></span> <span class='ocrx_word' id='word_1_8' title='bbox 872 349 1078 412; x_wconf 80' lang='lat' dir='ltr'><strong>attribuuntur</strong></span> <span class='ocrx_word' id='word_1_9' title='bbox 1101 370 1179 412; x_wconf 91' lang='lat' dir='ltr'><strong>com-</strong></span> 
     </span>
     <span class='ocr_line' id='line_1_3' title="bbox 168 437 1180 514; baseline 0.002 -16"><span class='ocrx_word' id='word_1_10' title='bbox 168 437 366 498; x_wconf 84' lang='lat' dir='ltr'><strong>mentationes</strong></span> <span class='ocrx_word' id='word_1_11' title='bbox 393 438 622 498; x_wconf 69' lang='lat' dir='ltr'><strong>mathematicae</strong></span> <span class='ocrx_word' id='word_1_12' title='bbox 649 457 684 500; x_wconf 86' lang='lat' dir='ltr'><strong>ac</strong></span> <span class='ocrx_word' id='word_1_13' title='bbox 710 438 913 514; x_wconf 76' lang='lat' dir='ltr'>mechanicae,</span> <span class='ocrx_word' id='word_1_14' title='bbox 941 458 991 500; x_wconf 81' lang='lat' dir='ltr'><strong>ess</strong></span> <span class='ocrx_word' id='word_1_15' title='bbox 1018 459 1120 501; x_wconf 90' lang='lat' dir='ltr'><strong>omnes</strong></span> <span class='ocrx_word' id='word_1_16' title='bbox 1144 460 1180 502; x_wconf 85' lang='lat' dir='ltr'><strong>ex</strong></span> 
     </span>
     <span class='ocr_line' id='line_1_4' title="bbox 170 525 1184 604; baseline -0.004 -16"><span class='ocrx_word' id='word_1_17' title='bbox 170 525 355 601; x_wconf 85' lang='lat' dir='ltr'><strong>amplissime</strong></span> <span class='ocrx_word' id='word_1_18' title='bbox 381 526 435 584; x_wconf 83' lang='grc'><strong>1116</strong></span> <span class='ocrx_word' id='word_1_19' title='bbox 463 559 506 570; x_wconf 84' lang='lat'><strong>-—</strong></span> <span class='ocrx_word' id='word_1_20' title='bbox 533 530 569 588; x_wconf 91' lang='lat' dir='ltr'><strong>ut</strong></span> <span class='ocrx_word' id='word_1_21' title='bbox 595 527 745 602; x_wconf 85' lang='lat' dir='ltr'><strong>putebant</strong></span> <span class='ocrx_word' id='word_1_22' title='bbox 768 559 811 570; x_wconf 86' lang='lat'><strong>-</strong></span> <span class='ocrx_word' id='word_1_23' title='bbox 835 529 995 602; x_wconf 71' lang='lat' dir='ltr'><strong>scriptione</strong></span> <span class='ocrx_word' id='word_1_24' title='bbox 1023 533 1184 604; x_wconf 43' lang='lat' dir='ltr'><strong>tamquam,</strong></span> 
     </span>
     <span class='ocr_line' id='line_1_5' title="bbox 170 614 1181 694; baseline 0.002 -18"><span class='ocrx_word' id='word_1_25' title='bbox 170 635 205 676; x_wconf 77' lang='lat' dir='ltr'><strong>ex</strong></span> <span class='ocrx_word' id='word_1_26' title='bbox 239 615 324 675; x_wconf 84' lang='lat' dir='ltr'><strong>fonte</strong></span> <span class='ocrx_word' id='word_1_27' title='bbox 355 614 506 676; x_wconf 78' lang='lat' dir='ltr'><strong>derivatas</strong></span> <span class='ocrx_word' id='word_1_28' title='bbox 538 635 572 676; x_wconf 85' lang='lat' dir='ltr'><strong>ec</strong></span> <span class='ocrx_word' id='word_1_29' title='bbox 603 616 816 691; x_wconf 71' lang='lat' dir='ltr'><strong>posterioribus</strong></span> <span class='ocrx_word' id='word_1_30' title='bbox 849 617 1032 692; x_wconf 83' lang='lat' dir='ltr'><strong>temporibus</strong></span> <span class='ocrx_word' id='word_1_31' title='bbox 1065 637 1181 694; x_wconf 87' lang='lat' dir='ltr'><strong>semper</strong></span> 
     </span>
     <span class='ocr_line' id='line_1_6' title="bbox 170 702 1184 784; baseline 0.005 -21"><span class='ocrx_word' id='word_1_32' title='bbox 170 703 286 778; x_wconf 75' lang='lat' dir='ltr'><strong>aliquid</strong></span> <span class='ocrx_word' id='word_1_33' title='bbox 322 702 479 779; x_wconf 87' lang='lat' dir='ltr'><strong>demendo,</strong></span> <span class='ocrx_word' id='word_1_34' title='bbox 519 705 741 784; x_wconf 87' lang='lat' dir='ltr'><strong>interpolando,</strong></span> <span class='ocrx_word' id='word_1_35' title='bbox 779 705 965 766; x_wconf 79' lang='lat' dir='ltr'><strong>immutando</strong></span> <span class='ocrx_word' id='word_1_36' title='bbox 1003 706 1184 782; x_wconf 80' lang='lat' dir='ltr'><strong>deprevstns</strong></span> 
     </span>
     <span class='ocr_line' id='line_1_7' title="bbox 170 791 1182 856; baseline 0.006 -6"><span class='ocrx_word' id='word_1_37' title='bbox 170 810 233 854; x_wconf 88' lang='lat' dir='ltr'><strong>esee</strong></span> <span class='ocrx_word' id='word_1_38' title='bbox 265 791 482 856; x_wconf 79' lang='lat' dir='ltr'><strong>existimabant</strong></span> <span class='ocrx_word' id='word_1_39' title='bbox 532 793 644 854; x_wconf 85' lang='lat' dir='ltr'><strong>Verum</strong></span> <span class='ocrx_word' id='word_1_40' title='bbox 676 794 756 854; x_wconf 88' lang='lat' dir='ltr'><strong>enim</strong></span> <span class='ocrx_word' id='word_1_41' title='bbox 786 813 856 855; x_wconf 79' lang='lat' dir='ltr'><strong>rere</strong></span> <span class='ocrx_word' id='word_1_42' title='bbox 889 813 956 854; x_wconf 90' lang='lat' dir='ltr'><strong>cum</strong></span> <span class='ocrx_word' id='word_1_43' title='bbox 988 798 1096 856; x_wconf 85' lang='lat' dir='ltr'><strong>cuncte</strong></span> <span class='ocrx_word' id='word_1_44' title='bbox 1126 797 1182 856; x_wconf 89' lang='lat' dir='ltr'><strong>illn</strong></span> 
     </span>
     <span class='ocr_line' id='line_1_8' title="bbox 171 881 1182 959; baseline 0.001 -15"><span class='ocrx_word' id='word_1_45' title='bbox 171 881 283 956; x_wconf 81' lang='lat' dir='ltr'><strong>scripta</strong></span> <span class='ocrx_word' id='word_1_46' title='bbox 305 884 337 942; x_wconf 88' lang='lat' dir='ltr'><strong>et</strong></span> <span class='ocrx_word' id='word_1_47' title='bbox 357 900 457 942; x_wconf 86' lang='lat' dir='ltr'><strong>rerum</strong></span> <span class='ocrx_word' id='word_1_48' title='bbox 480 883 583 943; x_wconf 83' lang='lat' dir='ltr'><strong>ordine</strong></span> <span class='ocrx_word' id='word_1_49' title='bbox 606 901 641 942; x_wconf 89' lang='lat' dir='ltr'><strong>ac</strong></span> <span class='ocrx_word' id='word_1_50' title='bbox 663 882 782 943; x_wconf 88' lang='lat' dir='ltr'><strong>delectu</strong></span> <span class='ocrx_word' id='word_1_51' title='bbox 805 886 835 943; x_wconf 87' lang='lat' dir='ltr'><strong>et</strong></span> <span class='ocrx_word' id='word_1_52' title='bbox 858 901 965 959; x_wconf 85' lang='lat' dir='ltr'><strong>genere</strong></span> <span class='ocrx_word' id='word_1_53' title='bbox 988 883 1105 943; x_wconf 90' lang='lat' dir='ltr'><strong>dicendi</strong></span> <span class='ocrx_word' id='word_1_54' title='bbox 1123 884 1182 945; x_wconf 88' lang='lat' dir='ltr'><strong>dis-</strong></span> 
     </span>
     <span class='ocr_line' id='line_1_9' title="bbox 171 971 1183 1049; baseline 0.003 -19"><span class='ocrx_word' id='word_1_55' title='bbox 171 971 319 1031; x_wconf 71' lang='lat' dir='ltr'><strong>socientur</strong></span> <span class='ocrx_word' id='word_1_56' title='bbox 346 989 367 1030; x_wconf 78' lang='lat' dir='ltr'><strong>e</strong></span> <span class='ocrx_word' id='word_1_57' title='bbox 391 971 476 1034; x_wconf 87' lang='lat' dir='ltr'><strong>libris</strong></span> <span class='ocrx_word' id='word_1_58' title='bbox 498 991 593 1047; x_wconf 87' lang='lat' dir='ltr'><strong>nuper</strong></span> <span class='ocrx_word' id='word_1_59' title='bbox 613 972 753 1046; x_wconf 87' lang='lat' dir='ltr'><strong>repertis,</strong></span> <span class='ocrx_word' id='word_1_60' title='bbox 779 974 846 1031; x_wconf 86' lang='lat' dir='ltr'><strong>tum</strong></span> <span class='ocrx_word' id='word_1_61' title='bbox 867 972 995 1033; x_wconf 85' lang='lat' dir='ltr'><strong>Heronis</strong></span> <span class='ocrx_word' id='word_1_62' title='bbox 1019 974 1183 1049; x_wconf 81' lang='lat' dir='ltr'><strong>geometria</strong></span> 
     </span>
     <span class='ocr_line' id='line_1_10' title="bbox 171 1058 1184 1136; baseline 0.004 -18"><span class='ocrx_word' id='word_1_63' title='bbox 171 1077 250 1134; x_wconf 87' lang='lat' dir='ltr'><strong>quae</strong></span> <span class='ocrx_word' id='word_1_64' title='bbox 285 1058 395 1120; x_wconf 86' lang='lat' dir='ltr'><strong>dicitur</strong></span> <span class='ocrx_word' id='word_1_65' title='bbox 431 1061 579 1136; x_wconf 78' lang='lat' dir='ltr'><strong>capitibus</strong></span> <span class='ocrx_word' id='word_1_66' title='bbox 617 1060 732 1135; x_wconf 84' lang='lat' dir='ltr'><strong>aliquot</strong></span> <span class='ocrx_word' id='word_1_67' title='bbox 763 1079 779 1120; x_wconf 93' lang='lat' dir='ltr'><strong>e</strong></span> <span class='ocrx_word' id='word_1_68' title='bbox 811 1060 985 1120; x_wconf 74' lang='lat' dir='ltr'><strong>dimetiendi</strong></span> <span class='ocrx_word' id='word_1_69' title='bbox 1014 1062 1184 1123; x_wconf 85' lang='lat' dir='ltr'><strong>retionibue</strong></span> 
     </span>
     <span class='ocr_line' id='line_1_11' title="bbox 171 1147 1183 1226; baseline 0.006 -20"><span class='ocrx_word' id='word_1_70' title='bbox 171 1147 336 1224; x_wconf 84' lang='lat' dir='ltr'><strong>desumptis</strong></span> <span class='ocrx_word' id='word_1_71' title='bbox 360 1149 505 1224; x_wconf 84' lang='lat' dir='ltr'><strong>ampliate</strong></span> <span class='ocrx_word' id='word_1_72' title='bbox 527 1150 691 1210; x_wconf 87' lang='lat' dir='ltr'><strong>invenitur:</strong></span> <span class='ocrx_word' id='word_1_73' title='bbox 714 1167 791 1224; x_wconf 84' lang='lat' dir='ltr'><strong>quse</strong></span> <span class='ocrx_word' id='word_1_74' title='bbox 815 1151 869 1224; x_wconf 91' lang='lat' dir='ltr'><strong>qui</strong></span> <span class='ocrx_word' id='word_1_75' title='bbox 890 1150 1092 1226; x_wconf 79' lang='lat' dir='ltr'><strong>interpolavit,</strong></span> <span class='ocrx_word' id='word_1_76' title='bbox 1116 1170 1183 1212; x_wconf 90' lang='lat' dir='ltr'><strong>cum</strong></span> 
     </span>
     <span class='ocr_line' id='line_1_12' title="bbox 170 1231 1181 1319; baseline 0.003 -22"><span class='ocrx_word' id='word_1_77' title='bbox 170 1238 203 1297; x_wconf 92' lang='lat' dir='ltr'><strong>in</strong></span> <span class='ocrx_word' id='word_1_78' title='bbox 231 1237 291 1296; x_wconf 82' lang='lat' dir='ltr'><strong>alio</strong></span> <span class='ocrx_word' id='word_1_79' title='bbox 313 1236 441 1297; x_wconf 89' lang='lat' dir='ltr'><strong>Heronis</strong></span> <span class='ocrx_word' id='word_1_80' title='bbox 467 1239 545 1300; x_wconf 89' lang='lat' dir='ltr'><strong>libre</strong></span> <span class='ocrx_word' id='word_1_81' title='bbox 572 1257 635 1299; x_wconf 91' lang='lat' dir='ltr'><strong>sese</strong></span> <span class='ocrx_word' id='word_1_82' title='bbox 659 1256 694 1297; x_wconf 85' lang='lat' dir='ltr'><strong>en</strong></span> <span class='ocrx_word' id='word_1_83' title='bbox 715 1238 881 1314; x_wconf 85' lang='lat' dir='ltr'><strong>repperisse</strong></span> <span class='ocrx_word' id='word_1_84' title='bbox 903 1241 1031 1298; x_wconf 88' lang='lat' dir='ltr'><strong>testetur</strong></span> <span class='ocrx_word' id='word_1_85' title='bbox 1054 1231 1098 1319; x_wconf 89' lang='lat' dir='ltr'><strong>(p.</strong></span> <span class='ocrx_word' id='word_1_86' title='bbox 1119 1242 1181 1300; x_wconf 84' lang='lat'><strong>131</strong></span> 
     </span>
     <span class='ocr_line' id='line_1_13' title="bbox 172 1319 1185 1408; baseline 0.006 -25"><span class='ocrx_word' id='word_1_87' title='bbox 172 1328 204 1384; x_wconf 89' lang='lat' dir='ltr'><strong>et</strong></span> <span class='ocrx_word' id='word_1_88' title='bbox 223 1326 285 1384; x_wconf 86' lang='grc'><strong>134</strong></span> <span class='ocrx_word' id='word_1_89' title='bbox 305 1319 456 1408; x_wconf 85' lang='lat' dir='ltr'><strong>Hultsch),</strong></span> <span class='ocrx_word' id='word_1_90' title='bbox 479 1326 544 1386; x_wconf 86' lang='lat' dir='ltr'><strong>fieri</strong></span> <span class='ocrx_word' id='word_1_91' title='bbox 566 1346 627 1388; x_wconf 89' lang='lat' dir='ltr'><strong>non</strong></span> <span class='ocrx_word' id='word_1_92' title='bbox 649 1329 757 1406; x_wconf 86' lang='lat' dir='ltr'><strong>potest,</strong></span> <span class='ocrx_word' id='word_1_93' title='bbox 779 1329 816 1388; x_wconf 86' lang='lat' dir='ltr'><strong>ut</strong></span> <span class='ocrx_word' id='word_1_94' title='bbox 837 1327 934 1402; x_wconf 81' lang='lat' dir='ltr'><strong>ipsum</strong></span> <span class='ocrx_word' id='word_1_95' title='bbox 954 1330 1149 1404; x_wconf 82' lang='lat' dir='ltr'><strong>geometriam</strong></span> <span class='ocrx_word' id='word_1_96' title='bbox 1167 1348 1185 1388; x_wconf 90' lang='lat' dir='ltr'><strong>e</strong></span> 
     </span>
     <span class='ocr_line' id='line_1_14' title="bbox 172 1413 1184 1492; baseline 0.003 -18"><span class='ocrx_word' id='word_1_97' title='bbox 172 1413 257 1475; x_wconf 84' lang='lat' dir='ltr'><strong>libris</strong></span> <span class='ocrx_word' id='word_1_98' title='bbox 279 1415 431 1474; x_wconf 83' lang='lat' dir='ltr'><strong>rationum</strong></span> <span class='ocrx_word' id='word_1_99' title='bbox 455 1415 628 1476; x_wconf 82' lang='lat' dir='ltr'><strong>dimetiendi</strong></span> <span class='ocrx_word' id='word_1_100' title='bbox 651 1417 820 1492; x_wconf 85' lang='lat' dir='ltr'><strong>excerptum</strong></span> <span class='ocrx_word' id='word_1_101' title='bbox 842 1435 905 1476; x_wconf 87' lang='lat' dir='ltr'><strong>esse</strong></span> <span class='ocrx_word' id='word_1_102' title='bbox 928 1419 1080 1491; x_wconf 87' lang='lat' dir='ltr'><strong>putemus:</strong></span> <span class='ocrx_word' id='word_1_103' title='bbox 1104 1417 1184 1492; x_wconf 89' lang='lat' dir='ltr'><strong>quod</strong></span> 
     </span>
     <span class='ocr_line' id='line_1_15' title="bbox 172 1503 1184 1584; baseline 0 -20"><span class='ocrx_word' id='word_1_104' title='bbox 172 1522 208 1564; x_wconf 88' lang='lat' dir='ltr'><strong>ne</strong></span> <span class='ocrx_word' id='word_1_105' title='bbox 231 1503 388 1579; x_wconf 82' lang='lat' dir='ltr'><strong>iaciamus,</strong></span> <span class='ocrx_word' id='word_1_106' title='bbox 411 1503 563 1566; x_wconf 85' lang='lat' dir='ltr'><strong>dissuadet</strong></span> <span class='ocrx_word' id='word_1_107' title='bbox 587 1504 678 1564; x_wconf 85' lang='lat' dir='ltr'><strong>etiem</strong></span> <span class='ocrx_word' id='word_1_108' title='bbox 700 1504 1065 1584; x_wconf 70' lang='lat' dir='ltr'><strong>singulommnuimque</strong></span> <span class='ocrx_word' id='word_1_109' title='bbox 1087 1506 1184 1582; x_wconf 87' lang='lat' dir='ltr'><strong>operis</strong></span> 
     </span>
     <span class='ocr_line' id='line_1_16' title="bbox 172 1591 1185 1670; baseline 0.004 -20"><span class='ocrx_word' id='word_1_110' title='bbox 172 1593 305 1668; x_wconf 78' lang='lat' dir='ltr'><strong>capitum</strong></span> <span class='ocrx_word' id='word_1_111' title='bbox 342 1593 533 1668; x_wconf 81' lang='lat' dir='ltr'><strong>comparatio.</strong></span> <span class='ocrx_word' id='word_1_112' title='bbox 589 1591 702 1661; x_wconf 81' lang='lat' dir='ltr'><strong>Quodsi</strong></span> <span class='ocrx_word' id='word_1_113' title='bbox 735 1594 796 1654; x_wconf 86' lang='lat' dir='ltr'><strong>fere</strong></span> <span class='ocrx_word' id='word_1_114' title='bbox 829 1612 929 1654; x_wconf 87' lang='lat' dir='ltr'><strong>omnes</strong></span> <span class='ocrx_word' id='word_1_115' title='bbox 961 1594 1008 1670; x_wconf 81' lang='lat' dir='ltr'><strong>ilii</strong></span> <span class='ocrx_word' id='word_1_116' title='bbox 1038 1594 1133 1655; x_wconf 83' lang='lat' dir='ltr'><strong>libelli</strong></span> <span class='ocrx_word' id='word_1_117' title='bbox 1166 1613 1185 1654; x_wconf 84' lang='lat' dir='ltr'><strong>a</strong></span> 
     </span>
     <span class='ocr_line' id='line_1_17' title="bbox 171 1681 1185 1760; baseline 0 -18"><span class='ocrx_word' id='word_1_118' title='bbox 171 1681 219 1742; x_wconf 74' lang='lat' dir='ltr'><strong>Fr.</strong></span> <span class='ocrx_word' id='word_1_119' title='bbox 234 1681 363 1743; x_wconf 90' lang='lat' dir='ltr'><strong>Hultsch</strong></span> <span class='ocrx_word' id='word_1_120' title='bbox 386 1681 460 1742; x_wconf 91' lang='lat' dir='ltr'><strong>editi</strong></span> <span class='ocrx_word' id='word_1_121' title='bbox 481 1701 541 1743; x_wconf 90' lang='lat' dir='ltr'><strong>non</strong></span> <span class='ocrx_word' id='word_1_122' title='bbox 558 1701 619 1742; x_wconf 89' lang='lat' dir='ltr'><strong>uno</strong></span> <span class='ocrx_word' id='word_1_123' title='bbox 636 1682 754 1743; x_wconf 91' lang='lat' dir='ltr'><strong>nomine</strong></span> <span class='ocrx_word' id='word_1_124' title='bbox 774 1682 919 1744; x_wconf 88' lang='lat' dir='ltr'><strong>dissident</strong></span> <span class='ocrx_word' id='word_1_125' title='bbox 937 1702 954 1741; x_wconf 87' lang='lat' dir='ltr'><strong>e</strong></span> <span class='ocrx_word' id='word_1_126' title='bbox 974 1685 1103 1760; x_wconf 80' lang='lat' dir='ltr'><strong>genuine</strong></span> <span class='ocrx_word' id='word_1_127' title='bbox 1121 1684 1185 1757; x_wconf 85' lang='lat' dir='ltr'><strong>iile,</strong></span> 
     </span>
     <span class='ocr_line' id='line_1_18' title="bbox 172 1771 1184 1851; baseline 0.004 -23"><span class='ocrx_word' id='word_1_128' title='bbox 172 1790 263 1851; x_wconf 80' lang='lat' dir='ltr'><strong>qnam</strong></span> <span class='ocrx_word' id='word_1_129' title='bbox 302 1772 558 1848; x_wconf 77' lang='lat' dir='ltr'><strong>recuperavimus,</strong></span> <span class='ocrx_word' id='word_1_130' title='bbox 598 1771 726 1833; x_wconf 87' lang='lat' dir='ltr'><strong>Heronis</strong></span> <span class='ocrx_word' id='word_1_131' title='bbox 768 1771 928 1848; x_wconf 84' lang='lat' dir='ltr'><strong>scriptione</strong></span> <span class='ocrx_word' id='word_1_132' title='bbox 964 1772 1184 1847; x_wconf 79' lang='lat' dir='ltr'><strong>mathematice,</strong></span> 
     </span>
     <span class='ocr_line' id='line_1_19' title="bbox 172 1859 1121 1938; baseline 0.001 -19"><span class='ocrx_word' id='word_1_133' title='bbox 172 1859 334 1922; x_wconf 77' lang='lat' dir='ltr'><strong>videndum</strong></span> <span class='ocrx_word' id='word_1_134' title='bbox 358 1862 428 1938; x_wconf 88' lang='lat' dir='ltr'><strong>erit,</strong></span> <span class='ocrx_word' id='word_1_135' title='bbox 452 1881 511 1936; x_wconf 85' lang='lat' dir='ltr'><strong>qno</strong></span> <span class='ocrx_word' id='word_1_136' title='bbox 534 1861 598 1922; x_wconf 89' lang='lat' dir='ltr'><strong>iure</strong></span> <span class='ocrx_word' id='word_1_137' title='bbox 620 1861 691 1923; x_wconf 78' lang='lat' dir='ltr'><strong>bruc</strong></span> <span class='ocrx_word' id='word_1_138' title='bbox 714 1862 884 1924; x_wconf 82' lang='lat' dir='ltr'><strong>etiamnunc</strong></span> <span class='ocrx_word' id='word_1_139' title='bbox 908 1861 1121 1923; x_wconf 79' lang='lat' dir='ltr'><strong>attribuentur.</strong></span> 
     </span>
    </p>
   </div>
   <div class='ocr_carea' id='block_1_3' title="bbox 662 2084 695 2150">
    <p class='ocr_par' dir='ltr' id='par_1_3' title="bbox 662 2084 695 2150">
     <span class='ocr_line' id='line_1_20' title="bbox 662 2084 695 2150; baseline 0 0"><span class='ocrx_word' id='word_1_140' title='bbox 662 2084 695 2150; x_wconf 93' lang='grc' dir='ltr'>Π</span> 
     </span>
    </p>
   </div>
   <div class='ocr_carea' id='block_1_4' title="bbox 173 2211 1189 2911">
    <p class='ocr_par' dir='ltr' id='par_1_4' title="bbox 173 2211 1189 2911">
     <span class='ocr_line' id='line_1_21' title="bbox 179 2211 1184 2286; baseline 0 -14"><span class='ocrx_word' id='word_1_141' title='bbox 179 2269 181 2272; x_wconf 84' lang='grc'><em>,</em></span> <span class='ocrx_word' id='word_1_142' title='bbox 242 2211 497 2276; x_wconf 65' lang='lat' dir='ltr'><strong>cameracense</strong></span> <span class='ocrx_word' id='word_1_143' title='bbox 537 2215 695 2286; x_wconf 79' lang='lat' dir='ltr'><strong>dioptrc&#39;cae</strong></span> <span class='ocrx_word' id='word_1_144' title='bbox 731 2213 846 2276; x_wconf 88' lang='lat' dir='ltr'><strong>codices</strong></span> <span class='ocrx_word' id='word_1_145' title='bbox 881 2214 954 2274; x_wconf 87' lang='lat' dir='ltr'><strong>mihi</strong></span> <span class='ocrx_word' id='word_1_146' title='bbox 990 2212 1184 2274; x_wconf 87' lang='lat' dir='ltr'><strong>innotuerunt</strong></span> 
     </span>
     <span class='ocr_line' id='line_1_22' title="bbox 176 2295 1183 2378; baseline -0.004 -14"><span class='ocrx_word' id='word_1_147' title='bbox 176 2301 320 2378; x_wconf 79' lang='lat' dir='ltr'><strong>quinque,</strong></span> <span class='ocrx_word' id='word_1_148' title='bbox 352 2301 496 2364; x_wconf 85' lang='lat' dir='ltr'><strong>Psrisieci</strong></span> <span class='ocrx_word' id='word_1_149' title='bbox 527 2305 601 2377; x_wconf 81' lang='lat' dir='ltr'><strong>ines,</strong></span> <span class='ocrx_word' id='word_1_150' title='bbox 628 2295 880 2374; x_wconf 86' lang='lat' dir='ltr'><strong>Vindobonensie&#39;,</strong></span> <span class='ocrx_word' id='word_1_151' title='bbox 913 2301 1183 2376; x_wconf 82' lang='lat' dir='ltr'><strong>Argentoratensis.</strong></span> 
     </span>
     <span class='ocr_line' id='line_1_23' title="bbox 173 2389 1186 2468; baseline -0.002 -16"><span class='ocrx_word' id='word_1_152' title='bbox 173 2392 287 2452; x_wconf 77' lang='lat' dir='ltr'><strong>norum</strong></span> <span class='ocrx_word' id='word_1_153' title='bbox 322 2392 413 2468; x_wconf 81' lang='lat' dir='ltr'><strong>longe</strong></span> <span class='ocrx_word' id='word_1_154' title='bbox 449 2389 674 2466; x_wconf 86' lang='lat' dir='ltr'><strong>antiquissimus</strong></span> <span class='ocrx_word' id='word_1_155' title='bbox 712 2393 757 2452; x_wconf 88' lang='lat' dir='ltr'><strong>est</strong></span> <span class='ocrx_word' id='word_1_156' title='bbox 789 2391 876 2450; x_wconf 77' lang='lat' dir='ltr'><strong>codex</strong></span> <span class='ocrx_word' id='word_1_157' title='bbox 907 2390 1080 2450; x_wconf 79' lang='lat' dir='ltr'><strong>Perieiccce</strong></span> <span class='ocrx_word' id='word_1_158' title='bbox 1111 2391 1186 2450; x_wconf 77' lang='lat' dir='ltr'><strong>inter</strong></span> 
     </span>
     <span class='ocr_line' id='line_1_24' title="bbox 174 2477 1186 2556; baseline -0.002 -16"><span class='ocrx_word' id='word_1_159' title='bbox 174 2481 373 2556; x_wconf 73' lang='lat' dir='ltr'><strong>supplemento</strong></span> <span class='ocrx_word' id='word_1_160' title='bbox 407 2479 523 2542; x_wconf 68' lang='grc'><strong>(116666</strong></span> <span class='ocrx_word' id='word_1_161' title='bbox 550 2485 584 2540; x_wconf 77' lang='lat' dir='ltr'><strong>n⁰</strong></span> <span class='ocrx_word' id='word_1_162' title='bbox 612 2483 672 2538; x_wconf 82' lang='lat'><strong>607</strong></span> <span class='ocrx_word' id='word_1_163' title='bbox 704 2499 722 2538; x_wconf 88' lang='lat' dir='ltr'><strong>a</strong></span> <span class='ocrx_word' id='word_1_164' title='bbox 749 2478 880 2540; x_wconf 87' lang='lat' dir='ltr'><strong>Minoide</strong></span> <span class='ocrx_word' id='word_1_165' title='bbox 907 2477 999 2554; x_wconf 75' lang='lat' dir='ltr'><strong>Myra</strong></span> <span class='ocrx_word' id='word_1_166' title='bbox 1026 2477 1186 2539; x_wconf 82' lang='lat' dir='ltr'><strong>Macedone</strong></span> 
     </span>
     <span class='ocr_line' id='line_1_25' title="bbox 174 2566 1189 2644; baseline -0.002 -14"><span class='ocrx_word' id='word_1_167' title='bbox 174 2570 320 2630; x_wconf 84' lang='lat' dir='ltr'><strong>incertum</strong></span> <span class='ocrx_word' id='word_1_168' title='bbox 344 2587 405 2644; x_wconf 92' lang='lat' dir='ltr'><strong>quo</strong></span> <span class='ocrx_word' id='word_1_169' title='bbox 427 2569 492 2630; x_wconf 91' lang='lat' dir='ltr'><strong>loco</strong></span> <span class='ocrx_word' id='word_1_170' title='bbox 515 2570 651 2644; x_wconf 87' lang='lat' dir='ltr'><strong>repertus</strong></span> <span class='ocrx_word' id='word_1_171' title='bbox 673 2568 705 2628; x_wconf 86' lang='lat' dir='ltr'><strong>in</strong></span> <span class='ocrx_word' id='word_1_172' title='bbox 725 2566 913 2643; x_wconf 83' lang='lat' dir='ltr'><strong>Galliamque</strong></span> <span class='ocrx_word' id='word_1_173' title='bbox 937 2567 1087 2642; x_wconf 82' lang='lat' dir='ltr'><strong>advectus,</strong></span> <span class='ocrx_word' id='word_1_174' title='bbox 1109 2587 1189 2628; x_wconf 89' lang='lat' dir='ltr'><strong>nunc</strong></span> 
     </span>
     <span class='ocr_line' id='line_1_26' title="bbox 174 2654 1187 2735; baseline -0.004 -15"><span class='ocrx_word' id='word_1_175' title='bbox 174 2657 290 2735; x_wconf 78' lang='lat' dir='ltr'><strong>insigne</strong></span> <span class='ocrx_word' id='word_1_176' title='bbox 317 2657 515 2719; x_wconf 81' lang='lat' dir='ltr'><strong>bibliothecae</strong></span> <span class='ocrx_word' id='word_1_177' title='bbox 543 2656 705 2716; x_wconf 86' lang='lat' dir='ltr'><strong>nationalis</strong></span> <span class='ocrx_word' id='word_1_178' title='bbox 733 2657 830 2718; x_wconf 87' lang='lat' dir='ltr'><strong>decus.</strong></span> <span class='ocrx_word' id='word_1_179' title='bbox 876 2654 992 2718; x_wconf 78' lang='lat' dir='ltr'><strong>Celebri</strong></span> <span class='ocrx_word' id='word_1_180' title='bbox 1018 2657 1074 2716; x_wconf 90' lang='lat' dir='ltr'><strong>hoc</strong></span> <span class='ocrx_word' id='word_1_181' title='bbox 1100 2657 1187 2730; x_wconf 91' lang='lat' dir='ltr'><strong>libro,</strong></span> 
     </span>
     <span class='ocr_line' id='line_1_27' title="bbox 175 2744 1186 2822; baseline -0.002 -14"><span class='ocrx_word' id='word_1_182' title='bbox 175 2767 265 2822; x_wconf 87' lang='lat' dir='ltr'><strong>quem</strong></span> <span class='ocrx_word' id='word_1_183' title='bbox 290 2749 402 2808; x_wconf 89' lang='lat' dir='ltr'><strong>norunt</strong></span> <span class='ocrx_word' id='word_1_184' title='bbox 428 2747 481 2822; x_wconf 91' lang='lat' dir='ltr'><strong>qui</strong></span> <span class='ocrx_word' id='word_1_185' title='bbox 508 2745 557 2806; x_wconf 84' lang='lat' dir='ltr'><strong>vel</strong></span> <span class='ocrx_word' id='word_1_186' title='bbox 583 2745 765 2807; x_wconf 84' lang='lat' dir='ltr'><strong>militaribus</strong></span> <span class='ocrx_word' id='word_1_187' title='bbox 789 2744 969 2806; x_wconf 84' lang='lat' dir='ltr'><strong>Graecorum</strong></span> <span class='ocrx_word' id='word_1_188' title='bbox 994 2746 1186 2822; x_wconf 86' lang='lat' dir='ltr'><strong>scriptoribus</strong></span> 
     </span>
     <span class='ocr_line' id='line_1_28' title="bbox 175 2834 1187 2911; baseline -0.004 -13"><span class='ocrx_word' id='word_1_189' title='bbox 175 2836 225 2898; x_wconf 78' lang='lat' dir='ltr'><strong>rel</strong></span> <span class='ocrx_word' id='word_1_190' title='bbox 246 2835 436 2897; x_wconf 83' lang='lat' dir='ltr'><strong>Aristodemo</strong></span> <span class='ocrx_word' id='word_1_191' title='bbox 460 2834 602 2896; x_wconf 87' lang='lat' dir='ltr'><strong>historico</strong></span> <span class='ocrx_word' id='word_1_192' title='bbox 626 2853 748 2910; x_wconf 79' lang='lat' dir='ltr'><strong>operam</strong></span> <span class='ocrx_word' id='word_1_193' title='bbox 771 2834 925 2911; x_wconf 88' lang='lat' dir='ltr'><strong>dederunt,</strong></span> <span class='ocrx_word' id='word_1_194' title='bbox 947 2853 1002 2897; x_wconf 87' lang='lat' dir='ltr'><strong>nec</strong></span> <span class='ocrx_word' id='word_1_195' title='bbox 1023 2834 1187 2896; x_wconf 69' lang='lat' dir='ltr'><strong>Venter-ius</strong></span> 
     </span>
    </p>
   </div>
   <div class='ocr_carea' id='block_1_5' title="bbox 176 2915 1271 3005">
    <p class='ocr_par' dir='ltr' id='par_1_5' title="bbox 176 2915 1271 3005">
     <span class='ocr_line' id='line_1_29' title="bbox 176 2915 1271 3005; baseline -0.001 -20"><span class='ocrx_word' id='word_1_196' title='bbox 176 2925 223 2985; x_wconf 87' lang='lat' dir='ltr'><strong>uti</strong></span> <span class='ocrx_word' id='word_1_197' title='bbox 244 2926 358 3000; x_wconf 87' lang='lat' dir='ltr'><strong>potuit,</strong></span> <span class='ocrx_word' id='word_1_198' title='bbox 384 2943 453 2984; x_wconf 89' lang='lat' dir='ltr'><strong>cum</strong></span> <span class='ocrx_word' id='word_1_199' title='bbox 474 2923 601 2984; x_wconf 82' lang='lat' dir='ltr'><strong>Heronis</strong></span> <span class='ocrx_word' id='word_1_200' title='bbox 624 2923 781 2998; x_wconf 82' lang='lat' dir='ltr'><strong>Dicptrics</strong></span> <span class='ocrx_word' id='word_1_201' title='bbox 802 2923 908 2982; x_wconf 81' lang='lat' dir='ltr'><strong>Iteiiee</strong></span> <span class='ocrx_word' id='word_1_202' title='bbox 930 2915 1106 3005; x_wconf 71' lang='lat' dir='ltr'><strong>verteretl),</strong></span> <span class='ocrx_word' id='word_1_203' title='bbox 1133 2941 1188 2984; x_wconf 90' lang='lat' dir='ltr'><strong>nec</strong></span> <span class='ocrx_word' id='word_1_204' title='bbox 1269 2999 1271 3001; x_wconf 15' lang='grc' dir='ltr'>Ι</span> 
     </span>
    </p>
   </div>
   <div class='ocr_carea' id='block_1_6' title="bbox 175 3011 1187 3184">
    <p class='ocr_par' dir='ltr' id='par_1_6' title="bbox 175 3011 1187 3184">
     <span class='ocr_line' id='line_1_30' title="bbox 176 3011 1187 3088; baseline 0.001 -17"><span class='ocrx_word' id='word_1_205' title='bbox 176 3013 362 3088; x_wconf 86' lang='lat' dir='ltr'><strong>Vincentius,</strong></span> <span class='ocrx_word' id='word_1_206' title='bbox 385 3033 454 3074; x_wconf 88' lang='lat' dir='ltr'><strong>eum</strong></span> <span class='ocrx_word' id='word_1_207' title='bbox 475 3013 574 3088; x_wconf 89' lang='lat' dir='ltr'><strong>ipsum</strong></span> <span class='ocrx_word' id='word_1_208' title='bbox 595 3012 732 3072; x_wconf 88' lang='lat' dir='ltr'><strong>libellum</strong></span> <span class='ocrx_word' id='word_1_209' title='bbox 754 3012 786 3072; x_wconf 90' lang='lat' dir='ltr'><strong>in</strong></span> <span class='ocrx_word' id='word_1_210' title='bbox 808 3011 962 3088; x_wconf 86' lang='lat' dir='ltr'><strong>publicum</strong></span> <span class='ocrx_word' id='word_1_211' title='bbox 984 3011 1097 3088; x_wconf 88' lang='lat' dir='ltr'><strong>primus</strong></span> <span class='ocrx_word' id='word_1_212' title='bbox 1119 3030 1187 3087; x_wconf 87' lang='lat' dir='ltr'><strong>prc-</strong></span> 
     </span>
     <span class='ocr_line' id='line_1_31' title="bbox 175 3094 1187 3184; baseline -0.007 -20"><span class='ocrx_word' id='word_1_213' title='bbox 175 3094 310 3184; x_wconf 60' lang='grc'><strong>1611612)</strong></span> <span class='ocrx_word' id='word_1_214' title='bbox 360 3099 441 3170; x_wconf 77' lang='lat' dir='ltr'><strong>cose</strong></span> <span class='ocrx_word' id='word_1_215' title='bbox 468 3101 584 3177; x_wconf 84' lang='lat' dir='ltr'><strong>insunt,</strong></span> <span class='ocrx_word' id='word_1_216' title='bbox 611 3100 743 3162; x_wconf 86' lang='lat' dir='ltr'><strong>breviter</strong></span> <span class='ocrx_word' id='word_1_217' title='bbox 769 3101 914 3162; x_wconf 83' lang='lat' dir='ltr'><strong>indicavit</strong></span> <span class='ocrx_word' id='word_1_218' title='bbox 940 3101 978 3160; x_wconf 91' lang='lat' dir='ltr'><strong>H.</strong></span> <span class='ocrx_word' id='word_1_219' title='bbox 1007 3098 1118 3158; x_wconf 90' lang='lat' dir='ltr'><strong>Omont</strong></span> <span class='ocrx_word' id='word_1_220' title='bbox 1139 3099 1187 3158; x_wconf 91' lang='lat' dir='ltr'><strong>In·</strong></span> 
     </span>
    </p>
   </div>
   <div class='ocr_carea' id='block_1_7' title="bbox 177 3214 390 3226">
    <p class='ocr_par' dir='ltr' id='par_1_7' title="bbox 177 3214 390 3226">
     <span class='ocr_line' id='line_1_32' title="bbox 177 3214 390 3226; baseline -0.009 0"><span class='ocrx_word' id='word_1_221' title='bbox 177 3214 390 3226; x_wconf 62' lang='lat' dir='ltr'>W</span> 
     </span>
    </p>
   </div>
   <div class='ocr_carea' id='block_1_8' title="bbox 175 3264 1189 3628">
    <p class='ocr_par' dir='ltr' id='par_1_8' title="bbox 175 3264 1189 3628">
     <span class='ocr_line' id='line_1_33' title="bbox 198 3264 1189 3353; baseline -0.008 -27"><span class='ocrx_word' id='word_1_222' title='bbox 198 3295 200 3300; x_wconf 58' lang='grc'>’</span> <span class='ocrx_word' id='word_1_223' title='bbox 248 3275 274 3353; x_wconf 86' lang='grc'><strong>1)</strong></span> <span class='ocrx_word' id='word_1_224' title='bbox 294 3269 480 3352; x_wconf 67' lang='lat' dir='ltr'><strong>Commcntorj</strong></span> <span class='ocrx_word' id='word_1_225' title='bbox 492 3287 589 3351; x_wconf 36' lang='lat' dir='ltr'><strong>&#39;sopra</strong></span> <span class='ocrx_word' id='word_1_226' title='bbox 610 3268 642 3324; x_wconf 84' lang='lat' dir='ltr'><strong>le</strong></span> <span class='ocrx_word' id='word_1_227' title='bbox 663 3269 750 3352; x_wconf 77' lang='lat' dir='ltr'><strong>eteris</strong></span> <span class='ocrx_word' id='word_1_228' title='bbox 773 3268 941 3350; x_wconf 60' lang='lat' dir='ltr'><strong>elejteorie</strong></span> <span class='ocrx_word' id='word_1_229' title='bbox 960 3267 1025 3322; x_wconf 85' lang='lat' dir='ltr'><strong>dell&#39;</strong></span> <span class='ocrx_word' id='word_1_230' title='bbox 1036 3266 1124 3324; x_wconf 83' lang='lat' dir='ltr'><strong>ottico</strong></span> <span class='ocrx_word' id='word_1_231' title='bbox 1143 3264 1189 3320; x_wconf 90' lang='lat' dir='ltr'><strong>del</strong></span> 
     </span>
     <span class='ocr_line' id='line_1_34' title="bbox 176 3339 1188 3411; baseline -0.007 -13"><span class='ocrx_word' id='word_1_232' title='bbox 176 3342 319 3398; x_wconf 77' lang='lat' dir='ltr'><strong>Oavaherc</strong></span> <span class='ocrx_word' id='word_1_233' title='bbox 344 3340 699 3409; x_wconf 81' lang='lat' dir='ltr'><strong>Grambatt1staVentun3</strong></span> <span class='ocrx_word' id='word_1_234' title='bbox 728 3343 804 3396; x_wconf 88' lang='lat' dir='ltr'><strong>tomo</strong></span> <span class='ocrx_word' id='word_1_235' title='bbox 831 3357 922 3411; x_wconf 84' lang='lat' dir='ltr'><strong>primo</strong></span> <span class='ocrx_word' id='word_1_236' title='bbox 947 3339 1085 3410; x_wconf 85' lang='lat' dir='ltr'><strong>(Bolcgna</strong></span> <span class='ocrx_word' id='word_1_237' title='bbox 1109 3339 1188 3408; x_wconf 81' lang='grc'><strong>1814)</strong></span> 
     </span>
     <span class='ocr_line' id='line_1_35' title="bbox 175 3419 1189 3558; baseline -0.007 -18"><span class='ocrx_word' id='word_1_238' title='bbox 175 3433 202 3484; x_wconf 36' lang='lat' dir='ltr'><strong>p·</strong></span> <span class='ocrx_word' id='word_1_239' title='bbox 219 3419 408 3558; x_wconf 52' lang='grc' dir='ltr'><strong>Π1)-11111666</strong></span> <span class='ocrx_word' id='word_1_240' title='bbox 432 3486 462 3540; x_wconf 86' lang='lat' dir='ltr'><strong>et</strong></span> <span class='ocrx_word' id='word_1_241' title='bbox 483 3484 602 3542; x_wconf 80' lang='lat' dir='ltr'><strong>extruite</strong></span> <span class='ocrx_word' id='word_1_242' title='bbox 624 3484 673 3538; x_wconf 85' lang='lat' dir='ltr'><strong>des</strong></span> <span class='ocrx_word' id='word_1_243' title='bbox 696 3483 862 3541; x_wconf 85' lang='lat' dir='ltr'><strong>manuscrits</strong></span> <span class='ocrx_word' id='word_1_244' title='bbox 887 3484 922 3540; x_wconf 89' lang='lat' dir='ltr'><strong>de</strong></span> <span class='ocrx_word' id='word_1_245' title='bbox 942 3482 974 3538; x_wconf 85' lang='lat' dir='ltr'><strong>la</strong></span> <span class='ocrx_word' id='word_1_246' title='bbox 989 3481 1189 3551; x_wconf 79' lang='lat' dir='ltr'><strong>Bibliothcque</strong></span> 
     </span>
     <span class='ocr_line' id='line_1_36' title="bbox 175 3555 1027 3628; baseline -0.002 -16"><span class='ocrx_word' id='word_1_247' title='bbox 175 3557 323 3627; x_wconf 75' lang='lat' dir='ltr'><strong>imperiale</strong></span> <span class='ocrx_word' id='word_1_248' title='bbox 342 3559 362 3612; x_wconf 90' lang='lat' dir='ltr'><strong>t.</strong></span> <span class='ocrx_word' id='word_1_249' title='bbox 377 3556 453 3626; x_wconf 85' lang='lat' dir='ltr'><strong>XIX,</strong></span> <span class='ocrx_word' id='word_1_250' title='bbox 474 3562 503 3609; x_wconf 78' lang='lat'><strong>2⁰</strong></span> <span class='ocrx_word' id='word_1_251' title='bbox 518 3555 610 3626; x_wconf 83' lang='lat' dir='ltr'><strong>partie</strong></span> <span class='ocrx_word' id='word_1_252' title='bbox 629 3555 718 3628; x_wconf 82' lang='lat' dir='ltr'><strong>(Paris</strong></span> <span class='ocrx_word' id='word_1_253' title='bbox 739 3557 818 3628; x_wconf 87' lang='lat'>1858)</span> <span class='ocrx_word' id='word_1_254' title='bbox 836 3574 863 3626; x_wconf 92' lang='lat' dir='ltr'><strong>p.</strong></span> <span class='ocrx_word' id='word_1_255' title='bbox 880 3559 1027 3610; x_wconf 73' lang='lat' dir='ltr'><strong>rer-337.</strong></span> 
     </span>
    </p>
   </div>
   <div class='ocr_carea' id='block_1_9' title="bbox 0 0 1319 3868">
    <p class='ocr_par' dir='ltr' id='par_1_9' title="bbox 0 0 1319 3868">
     <span class='ocr_line' id='line_1_37' title="bbox 0 0 1319 3868; baseline 0 0"><span class='ocrx_word' id='word_1_256' title='bbox 0 0 1319 3868; x_wconf 95' lang='lat' dir='ltr'><strong> </strong></span> 
     </span>
    </p>
   </div>
  </div>
 </body>
</html>
