2606 3868
526 176 803 230 PROLEGOMENA.
1107 171 1172 228 XIX

160 344 336 421 explendam
364 343 499 404 nonnihil
525 342 595 401 inde
622 343 815 417 redundaret3
843 361 914 402 uam
941 343 1083 418 quoniam
1104 353 1172 420 pro*

160 434 289 494 oemium
311 433 569 492 commentationis
592 432 756 509 dioptricae
779 431 817 490 ab
841 451 988 508 anonymo
1006 433 1060 492 illo
1079 433 1171 508 scrip-

159 526 224 583 tore
247 523 280 580 in
301 523 488 598 praefatione
512 514 591 604 (cap.
612 515 643 604 Ι)
665 521 914 580 conscribillanda
932 521 1100 580 adhibitum
1117 525 1172 597 est,

161 632 197 670 ex
220 612 323 669 eodem
347 611 577 670 armamentario
601 630 669 669 eum
687 610 779 669 etiam
798 628 833 668 ea
852 610 1013 686 sumpsisse
1031 610 1172 690 credibile

160 704 219 774 est,
251 719 330 775 quae
362 700 397 758 de
429 699 524 776 ipsius
557 699 692 775 dioptrae
722 702 873 758 structura
899 718 959 758 non
985 700 1086 775 potuit
1112 719 1173 759 non

159 805 332 866 proponere.
379 788 461 858 Quae
489 807 556 846 eum
583 789 628 846 ita
651 789 723 863 sint,
751 787 867 847 abiecta
891 805 941 864 spe
964 788 1065 847 hiatus
1087 788 1171 847 illius

161 897 197 937 er
229 877 376 938 codicibus
408 878 622 956 Integrioribus
655 876 792 952 explendi
819 877 955 953 dioptrae
983 877 1173 937 Heronianae

160 968 288 1025 formam
320 986 423 1026 eorum
453 967 630 1026 indiciorum
662 984 718 1042 cpe
745 965 901 1024 restituere
930 967 1062 1042 oportet,
1094 985 1172 1043 quae

160 1075 214 1132 per
231 1056 426 1132 posteriorem
444 1055 701 1115 commentationis
720 1057 838 1131 partem
855 1073 958 1131 sparsa
971 1055 1172 1115 inveniuntur.

228 1144 374 1214 Quoniam
405 1145 511 1221 quibus
539 1144 695 1222 praesidiis
723 1143 980 1204 commentationis
1008 1145 1173 1220 dioptricae

161 1235 293 1293 recensio
319 1233 435 1293 munita
462 1235 503 1293 sit
530 1235 667 1310 exposui,
695 1233 852 1292 dicendum
880 1236 926 1292 est
953 1234 988 1292 de
1011 1234 1173 1310 interpola·

162 1322 304 1382 tionibus.

228 1412 273 1471 Ac
295 1411 424 1488 primum
442 1413 489 1470 Fr.
508 1412 636 1471 Hultsch
643 1403 668 1493 ¹)
692 1411 900 1489 gravmsimum
917 1411 994 1469 illud
1011 1411 1173 1485 theorema,

164 1519 223 1576 quo
251 1519 338 1559 meae
365 1501 560 1578 triangularis
588 1516 728 1559 mensura
756 1519 792 1560 ex
818 1500 915 1561 tribus
942 1499 1087 1558 lateribus
1111 1498 1173 1557 effi-

162 1591 239 1649 citur
270 1583 309 1672 (c.
333 1581 443 1672 XXX),
474 1589 572 1648 medio
599 1589 726 1649 Heronis
759 1589 862 1649 libello
895 1589 931 1647 ab
960 1588 1174 1664 interpolatore

162 1680 292 1755 quodam
317 1679 461 1738 insertum
489 1697 552 1738 esse
579 1677 757 1737 autumavit.
804 1677 889 1747 Quod
912 1678 938 1736 si
960 1695 1065 1735 verum
1088 1678 1173 1752 esset,

162 1771 252 1844 caput
279 1768 354 1825 illud
381 1785 526 1842 perquam
552 1766 743 1825 memorabile
768 1769 869 1841 posset
896 1765 990 1824 videri
1019 1784 1054 1822 ex
1076 1765 1173 1841 primo

161 1857 238 1916 libro
266 1857 417 1914 rationum
445 1853 619 1912 dimetiendi
646 1854 836 1929 desumptum
859 1871 934 1928 esse,
962 1853 995 1912 in
1017 1853 1073 1913 hoo
1096 1853 1175 1912 enim

163 1963 251 2020 opere
284 1937 498 2002 demonstratio
530 1942 585 2000 illa
615 1959 709 2018 paene
738 1942 847 2000 eisdem
874 1942 972 2002 verbis
999 1943 1175 2018 proponitur

163 2030 205 2108 (p.
230 2035 286 2105 20,
310 2023 411 2110 deu).
472 2031 515 2089 At
550 2032 694 2090 invictum
729 2034 849 2107 praesto
886 2035 931 2091 est
968 2035 1176 2110 argumentum

164 2139 222 2195 quo
259 2119 411 2178 Hultsohii
447 2121 547 2196 opinio
583 2121 747 2180 refellatur.
807 2120 874 2197 Ipse
912 2121 991 2178 euim
1026 2121 1107 2180 Hero
1143 2122 1175 2178 in

164 2227 227 2284 cap.
250 2208 376 2267 XXVII:
405 2208 533 2270 δυνατὸν
561 2205 605 2284 δὲ,
632 2211 745 2286 inquit,
774 2217 912 2290 μετρῆσαι
935 2208 966 2270 τὸ
989 2211 1093 2268 ΗΚΛ
1114 2208 1175 2287 τρί-

162 2319 274 2378 γωνον,
302 2294 456 2378 ἐπειδήπερ
484 2297 538 2378 ἔχω
566 2297 618 2370 τὰς
639 2296 767 2378 πλευρὰς
789 2297 893 2358 αὐτοῦ·
922 2306 1006 2358 τοῦτο
1029 2297 1085 2379 γὰρ
1108 2295 1176 2376 ἑξῆς

163 2386 302 2466 δείξομεν.
336 2385 391 2446 His
409 2388 507 2447 verbis
525 2388 557 2445 in
571 2388 669 2463 capite
682 2387 797 2446 XXVII
810 2387 916 2464 posttis
931 2388 1073 2463 quoniam
1088 2387 1175 2464 quasi

163 2476 291 2553 digitum
327 2475 457 2534 intendit
492 2478 524 2535 in
558 2479 649 2552 eaput
680 2477 775 2550 XXX,
813 2480 867 2536 aut
897 2480 1038 2535 neutrum
1069 2477 1176 2534 horum

163 2565 297 2640 capitum
327 2567 380 2624 aut
406 2569 565 2642 utrumque
594 2566 630 2623 ab
659 2585 693 2625 eo
721 2565 864 2642 scriptum
891 2583 954 2624 esse
980 2564 1095 2641 liquido
1123 2583 1174 2640 ap

164 2657 257 2730 paret.
314 2653 512 2713 Confirmatur
547 2655 621 2712 haec
656 2653 847 2713 ratiocinatio
884 2654 1000 2713 duobus
1033 2653 1175 2730 exemplis

164 2742 253 2819 plane
272 2742 482 2803 consimilibus.
524 2743 604 2801 Nam
622 2763 699 2819 quae
717 2744 749 2801 in
768 2762 831 2820 cap.
845 2742 944 2801 XXIV
963 2743 1074 2819 scripta
1092 2746 1174 2801 sunt:

164 2829 260 2909 δεήσει
298 2828 473 2890 ἐπίστασθαι
510 2829 568 2892 ἀπὸ
605 2840 657 2891 τοῦ
694 2827 837 2903 δοθέντος
873 2831 1026 2911 τραπεζίου
1059 2828 1100 2904 ὥς
1132 2831 1181 2890 δεῖ

164 2917 284 2996 ἀφελεῖν
307 2916 460 3000 τραπέζιον
483 2919 548 2981 ἴσον
571 2924 611 3004 τῷ
633 2917 766 2981 δοθέντι·
790 2929 875 2981 τοῦτο
895 2916 927 2980 δὲ
945 2918 1013 2999 ἑξῆς
1032 2919 1176 2998 δείξομεν,

162 3009 210 3067 his
238 3009 276 3067 ad
299 3027 362 3085 cap.
381 3009 511 3068 XXVIII
533 3010 713 3087 relegamur,
742 3010 816 3069 item
839 3010 971 3086 quaein
994 3027 1058 3085 cap.
1077 3009 1176 3067 XXVI

164 3099 318 3175 leguntur:
346 3095 386 3170 ὡς
414 3097 463 3157 δεῖ
481 3094 513 3158 δὲ
536 3095 654 3176 ἀφελεῖν
676 3099 821 3180 τρίγωνον
843 3095 864 3177 ἢ
886 3102 1080 3179 προσθεῖναι,
1108 3095 1175 3174 ἑξῆς

165 3186 311 3264 δείξομεν,
338 3188 376 3246 iis
405 3207 439 3246 ea
467 3190 653 3264 spectantur,
681 3207 758 3264 quae
785 3189 817 3247 in
845 3207 907 3264 cap.
931 3187 1029 3246 XXIX
1057 3188 1175 3246 demon·

165 3278 306 3335 strantur.
358 3275 416 3345 aui
446 3278 520 3336 haec
552 3277 737 3352 expenderit,
768 3277 856 3336 facile
890 3277 995 3353 opinor
1021 3276 1176 3352 intelleget

164 3366 264 3441 captia
290 3364 433 3439 XXVIII,
460 3365 569 3441 XXIX,
597 3366 679 3424 XXX
705 3385 766 3426 non
792 3367 880 3426 modo
906 3385 966 3424 uon
990 3365 1088 3423 aliena
1112 3383 1174 3423 esse

164 3487 376 3496 mu·-

236 3555 262 3623 1)
280 3552 399 3607 Heronis
417 3551 602 3606 Alexandrini
620 3552 718 3621 reliqu.
733 3551 819 3622 praef.
834 3569 861 3621 p.
876 3551 961 3606 XVII.

977 3639 996 3692 b
1002 3638 1015 3667 1
