2654 3868
169 165 235 230 200
305 167 453 220 muoz
472 164 738 225 ΑΛΕΞΑΝΔΡΕΩΣ
756 167 843 223 ΠΕΡΙ
860 169 1043 220 ΔΙΟΠΤΡΑΣ

169 327 206 396 δὲ
241 339 311 406 τολς
343 326 527 413 εἰρημένοις
558 331 753 413 πηγματίοις
784 330 915 394 λεπίδια
947 334 1051 413 χαλκᾶ
1082 327 1178 414 ἐναρ-

168 439 311 521 μόζεται,
340 432 524 520 διατρέχειν
550 431 611 518 μὲν
634 435 803 518 δυνάμενα
825 434 862 500 ἐν
885 440 1009 519 σωλῆσι
1032 435 1087 499 διδι
1109 446 1178 500 τῶν

168 545 289 627 τοίχων
315 552 383 607 τῶν
408 544 601 625 πηχματίων
627 541 778 619 ψαύοντα
804 553 872 606 τῶν
893 541 1042 607 ὑαλίνων
1063 546 1177 606 κυλιν-

168 650 287 735 δρίων,
309 644 410 732 μέσας
432 649 549 732 έχοντα
572 646 748 732 άνοιτομδις,
773 645 818 711 δι’
847 642 895 712 ὧν
917 649 1063 713 δυνατὸν
1086 649 1177 712 ἔσται

168 755 363 821 διοπτεύειν.
426 765 495 831 τοῖς
535 751 572 819 δὲ
613 753 798 841 εἰρημένοις
837 756 999 832 λεπιδίοις
1039 763 1176 838 συμφυῆ
1206 773 1219 813 ι

167 866 294 945 γίνεται
322 860 357 926 ἐκ
383 872 451 926 τῶν
476 861 563 927 κάτω
591 872 702 946 μερῶν
729 861 921 945 χοινικίδια,
948 861 1035 939 ὕψος
1059 863 1177 945 ἔχοντα

168 971 212 1046 ὡς
227 967 520 1054 ῆμιδακτυλ<ί>ου,
539 966 594 1033 καὶ
612 969 743 1045 τούτοις
760 967 907 1055 ἀρμοστά
920 971 1047 1051 γίνεται
1061 967 1177 1046 άξόνια

167 1081 285 1160 χαλκᾶ,
316 1085 419 1160 μῆκος
449 1072 511 1159 μὲν
545 1077 662 1160 ἔχοντα
695 1075 775 1140 ὅσον
808 1073 898 1140 ἐστὶν
929 1075 966 1140 τὸ
998 1075 1085 1153 ύψος
1115 1083 1176 1140 τοῦ

166 1185 334 1266 πῆχματος
365 1190 424 1247 τοῦ
453 1183 536 1267 πρὸς
564 1179 614 1246 ἑνί
641 1192 709 1246 τῶν
735 1182 884 1247 ὑαλίνων
909 1182 1127 1266 κυλινδρίων,
1156 1179 1177 1244 ἀ

167 1289 224 1353 διὰ
248 1291 411 1375 τρῆματος
433 1287 604 1374 ἀνέρχεται
628 1287 664 1353 ἐν
686 1296 732 1376 τῷ
754 1291 871 1354 κανόνι
893 1296 938 1376 τῷ
961 1288 1022 1353 τὸν
1044 1293 1177 1371 σωλῆνα
1191 1307 1219 1346 10

168 1397 285 1480 ἔχοντι.
322 1394 359 1460 έν
376 1391 414 1459 δὲ
431 1404 501 1472 τοῖς
520 1392 665 1472 ἀξονίοις
683 1391 787 1471 ἕλικες
805 1392 1027 1478 έντέμνονται,
1048 1393 1052 1478 λ
1073 1394 1120 1471 εἰς
1138 1393 1176 1471 ἀς

165 1503 306 1587 τυλάρια
328 1501 475 1587 ἁρμοστά
493 1503 620 1583 γίνεται
638 1508 775 1584 συμφυῆ
794 1501 875 1565 ὄντα
892 1507 938 1587 τῷ
956 1502 1083 1565 κανόνι.
1118 1499 1176 1565 ἐάν

167 1609 230 1693 άρα
262 1608 321 1684 τὰς
350 1619 417 1674 τῶν
446 1605 634 1690 άξον<ι>ων
662 1607 827 1692 ὑπεροχάς
858 1607 916 1683 τὰς
945 1608 992 1684 είς
1020 1608 1058 1672 τὸ
1088 1608 1175 1672 κάτω

166 1714 265 1800 μέρος
284 1712 464 1800 έπιστρέφη
481 1737 543 1798 τις,
565 1717 692 1798 κινῆσει
710 1714 751 1778 τά
774 1713 907 1778 λεπίδια
924 1714 964 1777 τά
981 1715 1040 1790 τάς
1058 1713 1175 1779 ἀνατο-

165 1824 228 1907 μδις
251 1823 369 1905 έχοντα
390 1823 426 1885 ἔκ
448 1828 566 1886 τετοῦ
590 1822 658 1885 ἀνω
681 1817 737 1884 καί
759 1819 846 1884 κάτω
870 1817 1004 1904 μέρους·
1027 1817 1092 1897 ἔξει
1111 1821 1175 1905 γάρ
1191 1839 1217 1880 ιι

166 1930 202 1994 τὸ
225 1929 309 2014 πρὸς
331 1936 369 2013 τῆ
393 1929 503 1993 λεπίδι
527 1929 630 2013 ἀκρον
653 1935 713 1992 τοῦ
732 1925 868 2005 ἀξονίου
885 1927 1046 2012 τυλάριον
1064 1925 1174 2010 ἐμβαλ-

166 2059 228 2100 νον
251 2036 297 2111 είς
320 2039 453 2119 σωλῆνα
476 2033 593 2100 ἐνόντα
616 2032 653 2098 έν
675 2041 721 2120 τῷ
743 2034 937 2120 χοινικιδίηι.

73 2171 95 2208 ν.
109 2160 149 2200 ιω
234 2163 257 2204 ε.
293 2138 360 2204 Καὶ
383 2141 403 2225 ῆ
422 2137 484 2225 μὲν
501 2149 559 2224 τῆς
578 2141 735 2225 διόπτρας
752 2139 936 2223 κατασκευὴ
954 2145 1092 2225 είρηται,
1114 2139 1176 2222 τῆν

166 2243 204 2311 δὲ
221 2258 288 2311 τῶν
305 2243 580 2333 παρατιθεμένων
598 2244 680 2331 αὐτῆ
699 2247 851 2311 κανόνων
869 2243 925 2310 καί
943 2245 1093 2310 ἀσπίδων
1111 2254 1176 2310 νῦν

166 2352 314 2439 ἐροῦμεν.
364 2352 427 2417 δύο
454 2354 605 2434 γίνονται
627 2353 765 2428 κανόνες
787 2361 890 2435 μῆκος
912 2349 974 2436 μὲν
996 2353 1040 2429 ὡς
1062 2363 1176 2436 πηχῶν
1189 2370 1217 2410 νο
1254 2385 1259 2393 ·

166 2484 189 2542 ι,
216 2459 339 2535 πλάτος
366 2455 403 2523 δὲ
426 2459 471 2536 ὡς
493 2458 667 2523 δακτύλων
690 2481 719 2542 ε,
747 2459 851 2543 πάχος
875 2455 913 2523 δὲ
935 2459 980 2536 ὡς
1002 2459 1176 2524 δακτύλων

165 2576 276 2651 τριῶν.
322 2564 359 2630 έν
385 2562 423 2629 δὲ
447 2573 493 2653 τῷ
516 2562 603 2651 μέσῳ
626 2565 742 2630 πλάτει
766 2562 929 2651 ἑκατέρων
951 2564 1062 2629 αὐτῶν
1084 2569 1177 2630 πελε-

165 2682 257 2748 κῑνος
279 2675 406 2754 γίνεται
428 2677 536 2754 θῆλυς
558 2672 599 2736 τά
622 2672 720 2737 στενά
743 2673 790 2749 είς
813 2673 850 2737 τὸ
874 2670 934 2750 ἔξω
957 2669 1057 2758 μέρος
1080 2674 1175 2755 ἔχων,

166 2780 323 2863 ίσομῆκης
340 2786 386 2866 τῷ
404 2780 530 2843 κανόνι.
565 2778 672 2866 τούτῳ
691 2774 728 2842 δέ
747 2777 914 2863 ἁρμοστὸν
931 2781 1058 2860 γίνεται
1076 2783 1176 2862 χελω-

165 2884 284 2970 νάριον
311 2883 456 2961 εὐλύτως
483 2882 668 2970 διατρέχειν
695 2885 742 2961 είς
770 2883 873 2950 αὐτὸν
901 2885 1089 2968 δυνάμενον
1120 2882 1176 2949 καὶ
1190 2900 1216 2941 2⁶

165 2992 208 3077 μῆ
237 2990 414 3056 ἐκπίπτειν.
463 2990 569 3079 τούτῳ
597 2987 635 3055 δὲ
661 2999 707 3079 τῷ
735 2993 924 3078 χελωναρίῳ
950 2996 1175 3077 προσηλοῦται

165 3098 342 3181 ἀσπιδίσκη
366 3098 428 3181 τῆν
450 3097 629 3183 διάμετρον
651 3099 772 3182 ἔχουσα
795 3097 839 3174 ῶς
862 3096 1035 3162 δακτύλων
1056 3095 1175 3180 δέκαῆ

165 3205 305 3270 δώδεκα·
332 3202 388 3269 καί
415 3205 471 3269 διδ
498 3213 559 3269 τοῦ
586 3205 710 3269 κύκλου
733 3201 868 3281 εὐθείας
890 3206 1070 3288 βληθείσης
1092 3203 1176 3290 πρὸς

166 3332 377 3340 --——-—-.

236 3394 463 3471 4λ.<δ’>ἔχοντα
498 3402 513 3450 7
524 3395 842 3466 ῆμιδακτύλουεοοπθιὶ
878 3395 985 3461 ἀξάνια
1021 3400 1084 3448 9τῶ
1094 3395 1176 3462 πρὸςι

165 3468 272 3525 correxi
321 3473 463 3538 χαληνωνε
483 3466 589 3522 eorrexi
638 3472 726 3520 9-10
740 3464 755 3521 δ
769 3465 831 3520 διὰε
846 3464 962 3520 eorr.Vi
999 3470 1031 3518 11
1046 3465 1177 3531 ἀξωνιοις

166 3537 328 3611 έντεμονται
392 3545 424 3594 13
439 3539 555 3606 ἀξόνων
619 3543 652 3592 16
667 3538 788 3604 ἀξωνίου
853 3541 957 3592 18-19
972 3537 1088 3606 εἴρηται.
1120 3543 1202 3590 τῶν
