2644 3870
170 181 236 246 152
336 182 487 237 Ηειιωου
504 179 771 242 mmmm
789 181 1016 236 υευειεααυ

169 370 224 412 ται
253 364 280 409 ε·
308 342 364 410 καὶ
386 346 426 409 τά
448 368 485 410 κε
508 342 562 410 ἐπὶ
584 346 643 410 τὸν
665 348 699 428 β·
722 347 870 428 γίγνεται
893 365 926 410 ν·
954 355 1056 411 ταῦτα
1078 347 1182 431 παρά-

169 455 250 536 βαλε
281 453 371 536 παρὰ
401 453 461 516 τὸν
493 472 520 516 ε·
553 455 702 535 γίγνεται
729 471 754 516 ι·
786 453 956 518 τοσούτων
983 451 1181 537 άπειλήφθω

169 558 327 642 μονάδων
354 557 374 641 ή
402 562 473 622 ΒΖ.
518 559 620 624 πάλιν
646 560 687 623 τά
713 583 733 622 κ
760 556 813 623 ἐπὶ
836 560 876 622 τά
903 562 937 642 β·
970 562 1118 642 γίγνεται
1145 579 1181 643 μ·
1305 553 1306 602 ἶ

169 673 274 731 ταῦτα
304 666 474 749 παράβαλε
501 667 590 751 παρὰ
617 665 677 730 τὸν
704 686 732 730 ε·
758 668 907 750 γίγνεται
933 690 963 749 η.
1012 665 1197 731 τοσούτων

170 771 317 855 ἀπόλαβε
340 772 400 855 τήν
424 776 497 836 ΑΕ.
542 769 598 837 καὶ
621 771 680 837 ἐὰν
702 770 880 859 ἐπιζευχθῇ
901 770 921 855 ή
945 775 1023 854 ΕΖ,
1051 773 1225 855 ποιήσειε
1307 857 1308 860 ¹

170 879 207 943 τὸ
230 881 456 963 προκείμενον.

238 1023 264 1076 ς.
322 1005 396 1066 Τῶν
428 1000 538 1067 αὐτῶν
569 1000 796 1087 ὑποκειμένων
827 1001 1025 1087 άπειλήφθω
1056 1002 1077 1085 ή
1110 1008 1142 1067 Α
1148 1007 1188 1067 Η

169 1110 327 1193 μονάδων
355 1133 371 1174 ε
392 1107 448 1174 καὶ
471 1108 674 1193 ίπιτετάχθω
698 1107 845 1173 ἀπὸτοῦ
869 1112 910 1172 Η
926 1109 1099 1194 διαγαγεῖν
1121 1111 1183 1196 τήν

171 1219 242 1280 ΗΘ
260 1216 457 1301 διαιροῦσαν
474 1216 511 1280 τὸ
535 1215 778 1300 τετράπλευρον
797 1213 833 1280 έν
856 1217 943 1304 λόγῳ
966 1223 1012 1302 τῷ
1037 1215 1181 1290 δοθέντι.

171 1323 300 1406 διήχθω
324 1317 397 1405 οὖν,
420 1322 465 1397 ὡς
487 1320 665 1405 ἐμάθομεν,
688 1320 708 1405 ή
727 1325 791 1385 ΕΖ
809 1322 985 1407 διαιροῦσα
1003 1324 1040 1390 τὸ
1059 1326 1183 1407 χωρίον
1197 1345 1226 1384 ιο

171 1429 209 1494 έν
246 1437 292 1516 τῷ
332 1426 426 1515 αὐτμή
458 1430 545 1515 λόγῳ
581 1426 637 1494 καλ
671 1427 919 1512 ἐπεζεύχθωσαν
951 1431 985 1494 αλ
1011 1433 1080 1494 ΗΖ
1104 1434 1181 1495 ΕΘ·

171 1543 248 1603 ίσον
279 1538 343 1620 άρα
375 1533 443 1600 ἐστὶ
471 1535 508 1598 τὸ
537 1537 602 1598 AB
625 1536 732 1616 <ΕΖ>
759 1542 805 1622 τῷ
833 1539 985 1599 ΑΒΘΗ·
1017 1537 1101 1602 ὥστε
1127 1535 1182 1603 καλ

171 1644 290 1709 λοιπὸν
322 1642 359 1706 τὸ
387 1644 495 1705 ΕΖΗ
521 1644 686 1726 τρίγωνον
718 1649 763 1730 τῷ
792 1645 895 1707 ΗΘΖ
926 1644 1077 1731 τριγώνῳ
1107 1649 1183 1708 ἴσον

172 1749 275 1817 ἐστίν·
298 1748 508 1833 παράλληλος
530 1749 595 1832 άρα
618 1745 708 1813 ἐστὶν
729 1747 750 1831 ἡ
774 1752 842 1813 ΗΖ
864 1759 904 1835 τῇ
922 1753 1000 1814 ΕΘ·
1023 1748 1182 1815 ἀλλὰκαὶ

171 1855 191 1940 ἡ
215 1859 286 1921 ΗΕ
306 1863 346 1942 τή
364 1859 446 1942 ΖΘ·
474 1860 529 1938 ίση
553 1855 616 1939 άρα
640 1852 731 1919 ἐστὶν
752 1853 772 1938 ή
791 1857 862 1920 ΗΕ
884 1865 922 1942 τη
944 1859 1019 1920 ΖΘ·
1043 1855 1183 1923 δοθεῖσα
1198 1876 1227 1918 ιτ

171 1959 210 2028 δὲ
232 1961 252 2046 ή
276 1964 356 2026 ΗΕ·
381 1962 520 2026 δοθεῖσα
543 1961 607 2044 άρα
629 1958 685 2025 καὶ
707 1959 728 2044 ή
748 1965 823 2025 ΖΘ·
846 1960 902 2027 καὶ
926 1965 995 2028 έστι
1018 1960 1123 2029 δοθέν
1144 1965 1182 2028 τὸ

174 2074 213 2135 Ζ·
238 2064 343 2134 δοθὲν
366 2070 430 2154 άρα
451 2066 566 2133 καὶτὸ
592 2070 632 2131 Θ·
655 2066 749 2132 θέσει
773 2069 837 2152 άρα
859 2067 879 2153 ἡ
903 2072 980 2134 ΗΘ.
1023 2073 1183 2155 συντεθή-

173 2194 264 2241 σεται
291 2176 333 2258 δή
361 2175 555 2250 ἀκολούθως
582 2184 621 2260 τή
649 2173 807 2240 άναλύσει
835 2176 952 2253 οὕτως·
986 2157 1183 2262 άπειλήφθω

171 2282 192 2366 ή
216 2286 280 2348 ΒΖ
307 2281 464 2366 μονάδων
490 2302 514 2345 ι·
542 2281 705 2345 τοσούτου
727 2282 791 2367 γάρ
814 2281 1007 2368 ἀπεδείχθη·
1034 2284 1089 2350 καὶ
1113 2284 1184 2351 ἐπεὶ

172 2389 192 2473 ή
216 2393 285 2454 ΑΕ
311 2386 380 2453 ἐστὶ
407 2387 563 2471 μονάδων
585 2411 621 2471 η,
648 2386 668 2470 ἡ
693 2383 730 2452 δὲ
753 2390 829 2452 ΑΗ
845 2390 1003 2474 μονάδων
1026 2415 1056 2475 ε,
1084 2393 1228 2477 λοιπήεο

173 2499 238 2581 άρα
263 2493 283 2579 ἡ
307 2498 378 2560 ΗΕ
402 2494 559 2579 μονάδων
586 2518 615 2578 γ.
659 2492 715 2558 καὶ
738 2496 829 2559 ἔστιν
852 2501 906 2579 ἴση
929 2507 968 2583 τῇ
994 2502 1069 2562 ΖΘ
1093 2498 1184 2564 άπει-

173 2605 294 2688 λήφθω
318 2597 380 2668 οὖν
402 2600 422 2685 ἡ
444 2605 508 2665 ΖΘ
529 2601 686 2685 μονάδων
708 2625 737 2684 γ.
779 2602 862 2667 ὥστε
885 2603 944 2686 ὅλη
967 2603 1035 2687 ήΒ
1043 2609 1072 2669 Θ
1093 2608 1183 2670 ἔσται
1262 2677 1266 2686 ,

173 2711 330 2795 μονάδων
368 2728 413 2792 ιγ·
451 2707 697 2792 ἐπιζευχθείσης
734 2703 796 2772 οὖν
832 2718 890 2793 τῆς
922 2713 993 2775 ΗΘ
1024 2713 1114 2777 ἔσται
1145 2713 1183 2778 τὸ

172 2819 399 2901 προκείμενον.

241 2945 264 3020 ζ.
285 2941 289 3025 Ι
310 2940 422 3006 Πάλιν
445 2935 483 3005 δὲ
509 2939 754 3025 τετραπλεύρου
782 2938 943 3018 δοθέντος
969 2952 1030 3008 τοῦ
1049 2947 1184 3010 ΑΒΓΔ
1198 2962 1227 3004 25

172 3047 229 3114 καὶ
256 3051 470 3132 παραλλήλου
498 3047 599 3130 ούσης
626 3055 683 3130 τῆς
710 3051 777 3111 AB
806 3057 844 3133 τῇ
869 3051 934 3112 ΓΔ
963 3048 1100 3132 άγαγεῖν
1126 3051 1184 3115 αύ-

172 3167 244 3232 ταῖς
266 3155 478 3237 παράλληλον
500 3154 562 3236 τήν
579 3157 643 3217 ΕΖ
666 3154 864 3238 διαιροῦσαν
886 3156 923 3220 τὸ
942 3158 1184 3242 τετράπλευρον

173 3262 211 3328 ἐν
229 3266 316 3350 λόγῳ
339 3269 385 3349 τῷ
409 3258 554 3326 δοθέντι.
589 3257 751 3344 γεγονέτω
774 3258 829 3326 καλ
852 3260 1128 3346 ἐκβεβλήσθωσαν
1150 3265 1184 3329 αλ

245 3491 298 3561 οη
317 3495 380 3546 BP:
400 3487 521 3545 correxit
537 3506 574 3542 m.
590 3494 606 3540 2
680 3493 713 3542 12
732 3493 780 3541 AB
799 3494 849 3560 τῷ,
869 3490 997 3560 supplevi
1068 3498 1102 3548 ει
1121 3487 1185 3564 ἕξης

90 3563 192 3608 ΔΘ
210 3561 382 3635 καταγραφή
400 3561 430 3616 in
448 3579 503 3631 mg.
518 3558 567 3614 inf.
582 3577 617 3613 m.
635 3565 648 3612 1
722 3564 755 3612 26
774 3565 796 3613 A
803 3561 840 3615 E:
859 3577 928 3618 corr.
942 3569 1010 3617 m.2
