2644 3870
156 216 219 280 166
318 217 468 270 ΗΡΩΝΟΣ
486 213 753 276 mmmm
771 218 958 271 ΜΕΤΡΙΚΩΝ
977 220 1000 270 Γ

153 388 316 444 ποιοῦσαν
339 381 441 462 λόγον
458 387 519 444 τοῦ
532 363 676 443 ΑΒΖΗ
689 377 772 466 πρὸς
790 378 827 445 τὸ
849 383 989 445 ΖΗΓΔ
1007 379 1166 446 δοθέντα·

37 549 44 564 ‚
153 484 209 550 παὶ
243 485 408 550 ἀνάπαλιν
442 484 497 550 παὶ
532 483 691 550 συνθέντι
728 489 825 570 λόγος
857 486 922 574 ἄρα
948 496 1008 552 τοῦ
1026 489 1167 551 ΑΒΓΔ

153 589 237 678 πρὸς
259 589 296 656 τδ
320 595 468 656 ΑΒΖΗ
485 593 609 669 δοθείς.
645 589 750 658 δοθὲν
773 589 810 658 δέ
832 595 870 660 τὸ
889 583 1032 659 ΑΒΓΔ
1053 595 1165 681 τετρί-

153 702 311 784 πῖευρον·
344 694 449 765 δοθέν
478 700 543 786 ἄρα
564 699 679 766 καὶτὸ
703 699 860 765 ΑΒΖΗ.
892 698 947 766 καὶ
970 703 999 767 εί
1022 697 1083 786 μέν
1105 722 1166 765 πα·
1317 769 1318 772 ¹

154 805 317 889 ροίῖῖηῖός
340 804 430 870 ἐστιν
452 805 472 889 ἡ
497 811 568 871 ΑΔ
589 817 628 893 τῇ
648 809 731 891 ΒΓ,
754 810 845 872 ἔσται
868 808 905 873 τὸ
925 812 957 872 Α
964 811 1072 872 ΒΖΗ
1091 813 1166 873 ίσον
1196 825 1210 866 ⁵

154 918 200 997 τςῖ
222 911 287 976 ὑπὸ
316 904 571 999 συναμφοτέρου
600 923 657 997 της
681 916 757 978 ΑΗ
770 916 834 977 ΒΖ
856 911 910 978 καὶ
933 923 991 996 τῆς
1017 914 1167 998 ἡμισείας

154 1025 211 1099 τῆς
238 1017 301 1082 ἀπὸ
329 1027 389 1083 τοῦ
412 1023 445 1083 Α
473 1017 619 1084 καθέτου
645 1018 808 1104 ἀγομένης
836 1017 889 1084 ἐπὶ
911 1021 972 1103 τὴν
994 1022 1065 1085 ΒΓ.
1110 1019 1166 1085 καὶ

154 1125 224 1188 ἔστι
247 1125 387 1189 δοθεῖσα
409 1124 428 1208 ἡ
452 1127 604 1202 κοίθετος·
633 1127 773 1192 δοθεῖσα
796 1127 860 1213 ἄρα
881 1125 937 1191 καὶ
960 1129 1167 1210 συναμφότε-

155 1254 212 1315 ρος
243 1229 352 1314 ἡΑΒ
383 1234 462 1295 ΖΗ·
493 1230 587 1297 θέσει
615 1233 679 1319 ίίρα
705 1231 725 1316 ἡ
752 1237 822 1296 ΖΕ.
867 1242 965 1298 τοῦτο
993 1234 1057 1318 γὰρ
1086 1229 1166 1316 ἑξῆς.

154 1338 184 1402 εί
207 1333 243 1402 δέ
266 1341 310 1422 μη
333 1339 397 1403 εἰσι
420 1338 635 1423 παράλληλοι,
664 1337 939 1423 συμπιπτέτωσαν
960 1341 1042 1404 κατὰ
1065 1340 1102 1404 τὸ
1124 1343 1165 1404 Θ·
1181 1358 1210 1397 10

155 1440 259 1510 δοθέν
286 1446 350 1530 ἄρα
377 1445 414 1509 τὸ
439 1447 587 1509 ΑΒΖΗ
608 1445 861 1530 τετράπλευρον.
911 1444 967 1510 καὶ
995 1445 1075 1511 δῖον
1103 1447 1167 1531 ἄρα

156 1552 192 1616 τὸ
208 1555 312 1615 ΗΖΘ
329 1554 495 1637 τρίγωνον
512 1549 617 1617 δοθέν
635 1549 733 1615 ἐστιν.
765 1550 819 1615 καὶ
834 1554 902 1617 ἔστι
917 1551 1090 1635 δοθεῖσαὴ
1111 1550 1115 1638 Ι
1138 1553 1167 1616 Θ

154 1662 271 1741 γωνία·
294 1654 399 1724 δοθέν
422 1659 486 1744 ἄρα
508 1658 545 1722 τὸ
569 1657 634 1722 ὑπὸ
656 1660 775 1721 ΘΗΖ·
798 1657 938 1741 ἀπῆκται
957 1657 1022 1741 ἄρα
1040 1660 1087 1734 είς
1105 1658 1167 1740 την

154 1773 215 1830 τοῦ
238 1767 363 1850 χωρίου
385 1764 569 1848 ἀποτομήν·
592 1762 686 1829 θέσει
710 1761 774 1849 ἄρα
796 1761 816 1847 ἡ
839 1767 914 1828 ΕΖ.
1320 1815 1321 1838 ,

222 1872 264 1935 ιδ.
288 1869 380 1954 Ἑξῆς
408 1867 445 1936 δέ
472 1869 633 1955 δείξομεν,
663 1871 707 1947 ὡς
735 1871 786 1934 δεῖ
808 1871 1042 1954 ποῖνπῖεύρου
1065 1869 1168 1935 εὐθυ-
1182 1889 1210 1929 15
1319 1887 1321 1916 ¹

155 1978 309 2063 γράμμου
328 1976 489 2054 δοθέντος
506 1976 561 2042 καὶ
579 1981 716 2062 σημείου
735 1974 788 2042 ἐπὶ
807 1985 883 2061 μιᾶς
901 1976 1005 2042 αὐτοῦ
1022 1981 1168 2062 πλευρᾶς

157 2085 329 2167 διαγαγεῖν
365 2085 428 2149 ἀπὸ
465 2093 525 2149 τοῦ
563 2087 700 2169 σημείου
731 2082 868 2148 εὐθεῖαν
900 2084 1098 2169 διαιροῦσαν
1128 2084 1166 2147 τὸ

156 2193 279 2276 χορίον
314 2189 351 2255 έν
381 2197 426 2279 τῷ
464 2189 600 2256 δοθέντι
637 2192 738 2277 λόγῳ·
779 2192 861 2254 ἔστω
896 2191 933 2255 τδ
969 2186 1074 2255 δοθὲν
1105 2212 1168 2274 χω-

157 2300 233 2381 ρίον
264 2297 300 2361 τὸ
325 2299 548 2380 ΑΒΓΔΕΖ,
580 2297 616 2361 τὸ
650 2292 687 2361 δέ
719 2291 823 2361 δοθέν
851 2306 987 2380 σημεῖον
1015 2293 1068 2360 έπὶ
1090 2305 1168 2380 μιᾶς

157 2402 260 2468 αὐτοῦ
291 2408 436 2487 πλευρᾶς
464 2406 545 2468 ἔστω
576 2403 613 2467 τὸ
637 2406 686 2466 Η·
713 2399 768 2466 καὶ
795 2401 963 2486 διηχθωὴ
988 2406 1057 2467 ΗΘ
1079 2403 1166 2466 διαι-
1180 2421 1208 2460 εο

157 2518 262 2595 ροῦσα
291 2509 327 2573 τὸ
352 2512 562 2574 ΑΒΓΔΕΖ
591 2507 695 2595 ἐντῷ
720 2505 856 2573 δοθέντι
881 2511 981 2596 λόγῳ·
1012 2506 1082 2574 ἐπεὶ
1105 2503 1168 2573 οὖν

157 2619 255 2699 λόγος
278 2609 370 2680 ἐστὶν
392 2624 451 2679 τοῦ
474 2618 623 2679 ΑΒΘΗ
626 2619 653 2678 Ζ
676 2617 800 2699 χωρίου
821 2614 904 2699 πρὸς
926 2614 963 2679 τὸ
988 2617 1027 2678 Η
1029 2616 1170 2678 ΘΓΔΕ

157 2724 282 2806 δοθείς,
304 2720 359 2786 καὶ
383 2720 543 2787 συνθέντι
566 2719 631 2807 ἄρα
654 2724 752 2803 λόγος
770 2717 861 2786 ἐστὶν
878 2728 938 2785 τοῦ
958 2722 1168 2784 ΑΒΓΔΕΖ

156 2831 239 2915 πρὸς
265 2830 302 2895 τὸ
327 2831 504 2894 ΗΘΓΔΕ
529 2830 658 2905 δοθείς·
692 2823 796 2894 δοθέν
825 2822 862 2892 δέ
891 2827 928 2891 τὸ
953 2828 1167 2890 ΑΒΓΔΕΖ.

157 2932 262 3002 δοθὲν
290 2935 355 3022 ἄρα
380 2933 435 3001 καὶ
462 2937 499 3001 τὸ
524 2939 563 3000 Η
568 2938 714 3000 ΘΓΔΕ.
759 2928 807 2998 ὧν
834 2934 870 2998 τὸ
895 2936 934 2997 Η
937 2935 1039 2997 ΓΔΕ
1064 2930 1169 2998 δοθέν
1183 2949 1210 2990 25

158 3042 239 3108 ε’στι·
264 3044 382 3108 ῖοιπὸν
405 3041 469 3128 ἄρα
487 3044 523 3107 τὸ
544 3045 583 3106 Η
585 3044 653 3106 ΘΓ
672 3044 837 3126 τρίγωνον
860 3037 964 3104 δοθέν
987 3037 1086 3103 ἐστιν.
1112 3036 1168 3102 καὶ

158 3152 249 3216 ἔστιν
271 3149 375 3214 αὐτοῦ
398 3150 585 3231 διπλάσιον,
608 3145 753 3212 καθέτου
771 3145 930 3230 ἀχθείσης
947 3153 1005 3227 τῆς
1023 3147 1099 3209 ΗΚ
1114 3143 1168 3209 ἐπὶ

158 3257 320 3340 τηνκΓΒ,
348 3256 384 3320 τὸ
408 3255 472 3321 ὑπὸ
498 3257 562 3319 ΓΘ
584 3256 662 3319 ΗΚ.
708 3251 763 3317 καὶ
786 3254 856 3316 ἔστι
880 3251 1019 3317 δοθεῖσα
1042 3250 1061 3334 ἡ
1086 3253 1168 3315 ΗΚ·

159 3363 298 3429 δοθεῖσα
322 3361 386 3449 ἄρα
408 3360 463 3427 καὶ
486 3360 506 3445 ἡ
535 3365 604 3426 ΓΘ.
642 3355 747 3425 δοθέν
771 3357 835 3443 ἄρα
858 3359 895 3423 τὸ
922 3361 964 3422 Θ·
987 3356 1081 3423 θέσει
1104 3356 1170 3443 ἄρα

231 3599 245 3648 1
266 3595 376 3656 δοθείςε
396 3607 464 3646 corr.
478 3588 557 3644 Nath
