2654 3868
182 179 246 244 256
316 181 466 234 ΗΡῼΝΟΣ
484 177 751 238 ΑΔΕΞΑΝΔΡΕΩΣ
769 184 856 234 ΠΕΡΙ
874 183 1057 234 ΔΙΟΠΤΡΑΣ

181 345 317 429 σχοινίῳ
344 341 364 424 ή
388 345 470 407 ΣΜ
491 340 544 407 ε’πλ
570 342 606 407 τὸ
631 364 651 416 ς
674 341 900 426 ἐκβεβλήσθω,
928 341 983 408 καὶ
1007 342 1192 427 ἐπεζεύχθω

181 448 201 530 ή
230 453 296 522 ςΧ·
324 445 380 513 καλ
407 447 460 513 ἐπὶ
487 457 544 532 τής
574 453 641 513 ΦΡ
658 452 822 534 τρίγωνον
849 451 931 514 ἐστω
961 454 1082 533 ΦΨΡ,
1115 456 1193 534 ίσην

182 557 258 637 ἐχον
280 555 341 637 τήν
364 551 425 639 μέν
443 559 569 642 ΡΨτή
588 560 654 639 Σς,
677 556 739 638 τήν
762 551 799 620 δέ
825 559 904 620 ΦΨ
923 565 962 641 τη
986 560 1051 629 ςΧ·
1074 554 1128 621 καλ
1151 566 1191 642 τῇ

181 663 260 724 ΜΣ
280 667 335 744 ίση
358 664 482 726 κείσθω
506 659 526 744 ή
550 665 628 725 Psz·
653 663 742 726 ἐσται
766 662 807 745 δή
830 662 866 725 τὸ
889 663 922 726 Ω
951 672 1087 745 σημεῖον
1109 664 1192 728 κατὰ

181 768 326 832 κάθετον
347 772 500 852 κείμενον
522 775 568 855 τῷ
590 771 636 831 Μ
653 771 784 854 σημείῳ.
825 770 983 853 φρεατίας
1006 769 1070 855 ἀρα
1092 768 1192 854 όρυχ-
1222 790 1236 829 5

125 891 164 930 ιω
182 877 299 957 θείσης
321 873 385 938 ἀπὸ
408 884 469 939 τοῦ
491 878 539 959 όῖ,
563 874 650 959 ὀρθή
674 877 764 939 ἐσται
787 873 807 958 ή
831 875 936 961 ὀρυγή
954 878 1119 940 πίπτουσα
1138 873 1191 939 ἐπὶ

180 981 218 1045 τὸ
236 984 289 1045 M·
311 990 409 1046 τοῦτο
433 982 475 1065 δή
498 981 647 1066 φανερὸν
669 982 725 1046 διὰ
743 982 780 1046 τὸ
799 983 839 1046 τὰ
857 984 1003 1067 τρίγωνα
1025 982 1065 1046 τδι
1089 981 1125 1046 ἐν
1144 989 1191 1068 τῷ

180 1087 337 1175 ὑπονόμω
360 1087 415 1153 καλ
438 1090 478 1153 τδι
499 1087 536 1153 ἐν
554 1097 600 1176 τῷ
624 1088 739 1173 ἐδάφει
763 1095 818 1153 ίσα
840 1112 875 1153 τε
897 1087 952 1153 καλ
976 1089 1074 1172 ὅμοια
1097 1083 1192 1171 εἶναι,

180 1190 235 1256 καὶ
267 1192 388 1276 ὁμοίως
420 1199 561 1279 κείμενα.
611 1201 791 1280 πειρᾶσθαι
824 1190 861 1259 δὲ
893 1193 945 1260 δεῖ
975 1196 1016 1260 νδ
1046 1199 1192 1278 τρίγωνα

181 1298 297 1384 ἀκλινῆ
324 1306 503 1383 καθιστᾶν,
531 1301 619 1376 ὅπως
646 1302 681 1366 αλ
707 1300 771 1365 ἀπὸ
799 1311 867 1365 τῶν
893 1311 1027 1383 γωνιῶν
1054 1299 1107 1365 ἐπὶ
1135 1301 1192 1378 τδις
1206 1323 1234 1362 ιο

181 1409 303 1488 γωνίας
322 1405 592 1490 ἐπιζευγνύμεναι
613 1406 750 1472 κάθετοι
773 1403 857 1472 ὦσιν
882 1406 935 1472 ἐπὶ
953 1407 1013 1472 τὸν
1030 1405 1190 1492 ὁρίζοντα.

76 1528 116 1570 101.
127 1529 164 1570 ιν
247 1535 296 1575 κα.
318 1509 322 1598 Ι
342 1513 411 1577 Διδι
434 1514 591 1599 διόπτρας
613 1511 793 1597 ἀπολαβεῖν
820 1513 884 1579 ἀπὸ
912 1513 1006 1598 ήμῶν
1028 1514 1191 1597 διάστημα

88 1593 110 1631 p'
124 1584 164 1624 ²⁵4
182 1617 235 1683 ἐπλ
253 1628 311 1702 τής
329 1620 487 1702 δοθείσης
506 1619 649 1704 εὐθείας,
673 1627 748 1686 ίσον
766 1628 811 1707 τηῖ
830 1619 968 1686 δοθέντι
987 1621 1190 1706 διαστήματι.

181 1729 262 1791 ἐστω
286 1725 306 1808 ή
330 1727 472 1791 δοθεῖσα
490 1727 606 1792 εὐθεῖα
628 1725 677 1812 ἐφ’
712 1723 752 1811 ής
774 1729 826 1793 δεῖ
848 1726 1029 1810 ἀπολαβεῖν
1051 1725 1092 1810 <ή
1112 1731 1177 1792 ΑΒ
1184 1749 1191 1762 ·

180 1833 217 1896 τὸ
242 1828 279 1897 δὲ
302 1828 407 1897 δοθὲν
430 1834 592 1917 διύστημα
615 1833 633 1898 δ
657 1834 709 1898 δεῖ
730 1833 931 1916 ἀπολαβεῖν)
955 1835 1036 1898 ἔστω
1055 1835 1092 1899 τὸ
1110 1838 1190 1899 AB·
1206 1854 1234 1894 15

181 1933 239 2023 ἀφ’
266 1934 306 2004 οὗ
326 1935 363 2003 δέ
382 1941 433 2005 δεῖ
450 1943 589 2024 σημείου
610 1939 800 2024 ἀπολαβεῖν,
824 1944 905 2007 ἐστω
928 1950 989 2006 τοῦ
1011 1946 1053 2007 Α.
1080 1940 1192 2007 ἐλθὼν

181 2045 236 2109 ἐπί
251 2069 342 2121 τινος
356 2045 515 2122 ἀκλινοῦς
531 2045 689 2112 ἐπιπέδου
702 2049 807 2112 τόπου
821 2039 895 2113 οἷον
908 2057 969 2112 τοῦ
984 2050 1055 2131 ΓΔ,
1074 2052 1191 2133 τίθημι

180 2152 241 2235 τήν
264 2152 425 2235 διόπτραν
447 2153 508 2235 τήν
531 2157 608 2217 ΕΖ·
633 2150 688 2218 καλ
712 2155 831 2236 ταύτης
854 2156 1045 2238 ἔμπροσθεν
1066 2157 1192 2219 κανόνα

180 2257 297 2342 ὀρθὸν,
311 2260 436 2342 μήκους
454 2259 499 2336 ὡς
516 2271 631 2342 πηχῶν
650 2285 672 2343 ι,
693 2261 753 2325 τὸν
771 2263 811 2324 Η
812 2264 851 2344 Θ,
870 2259 1033 2344 ἀπέχοντα
1051 2259 1115 2326 ἀπὸ
1134 2270 1191 2345 τής

181 2365 352 2449 διόπτρας,
381 2364 553 2430 τουτέστιν
579 2365 643 2430 ἀπὸ
671 2375 731 2430 τοῦ
759 2371 791 2431 Ε
812 2371 963 2450 σημείου,
987 2366 1005 2431 δ
1028 2369 1190 2453 βούλομαι
1205 2389 1233 2427 20

180 2471 357 2556 διοίστημα,
385 2473 466 2537 ἐστω
496 2472 536 2554 δή
564 2483 678 2556 πηχῶν
707 2497 736 2555 γ.
764 2473 931 2557 ἀπέλαβον
959 2469 1022 2539 οὖν
1044 2473 1107 2539 ἀπὸ
1131 2485 1191 2540 τοῦ

180 2581 212 2641 Ε
224 2577 276 2668 Δἐν
307 2577 449 2666 ἐπιπέδῳ
482 2578 620 2644 εὐθεῖαν
651 2580 712 2663 τήν
726 2603 728 2609 ⁴
743 2584 810 2644 EA
850 2591 964 2664 πηχῶν
1004 2580 1092 2645 ὅσων
1133 2579 1191 2646 ἐὰν

180 2683 363 2768 βούλωμαι,
387 2687 470 2750 ἐστω
494 2686 535 2769 δή
557 2697 672 2769 πηχῶν
694 2710 734 2770 φ,
756 2685 811 2752 καὶ
834 2689 1032 2766 καταλείψας
1055 2698 1191 2772 σημεῖον

180 2791 264 2876 πρὸς
281 2799 326 2878 τῷ
345 2797 388 2875 Δ,
413 2790 551 2874 ἐγκλίνω
570 2792 630 2858 τὸν
653 2792 690 2858 ἐν
712 2803 751 2879 τῇ
776 2794 916 2880 διόπτρηι
937 2796 1073 2878 κανόνα,
1096 2795 1190 2879 ἄχρις

180 2895 223 2962 ἀν
246 2907 335 2985 φανῇ
359 2897 401 2963 δι’
430 2898 533 2964 αὐτοῦ
556 2899 593 2963 τὸ
612 2905 646 2963 Δ
665 2911 808 2984 σημεῖον.
836 2899 890 2965 καὶ
909 2899 1067 2984 μένοντος
1086 2900 1190 2966 αὐτοῦ
1205 2920 1230 2961 ετ

74 3018 163 3060 10172'
181 3002 348 3089 ἀκινήτου,
372 3005 602 3093 ἀντιπεριστδις
624 3009 746 3090 ἔλαβον
765 3007 769 3090 Ι
791 3005 833 3072 δι’
857 3006 960 3073 αὐτοῦ
982 3017 1119 3092 σημεῖον
1138 3005 1189 3072 ἐπὶ

179 3120 240 3176 τοῦ
259 3115 329 3176 ΗΘ
346 3115 488 3189 κανόνος
508 3113 545 3178 τὸ
565 3116 614 3198 Μ,
637 3111 692 3178 καὶ
716 3112 883 3200 ἐπέγραψα
911 3126 1026 3198 πηχῶν
1049 3138 1084 3198 φ.
1121 3109 1190 3179 εἶτα

179 3218 281 3283 πάλιν
308 3218 486 3303 ἀπολαβὼν
514 3218 645 3304 ἑτέρους
671 3223 785 3304 πήχεις
816 3220 915 3298 ὅσους
947 3219 989 3285 ἀν
1020 3221 1190 3305 βούλωμαι

181 3322 233 3389 ἐπὶ
256 3335 313 3409 τῆς
331 3330 408 3410 ΕΔ,
432 3317 506 3392 οἷον
529 3327 558 3391 εί
580 3327 675 3410 τύχοι
697 3328 810 3411 πήχεις
832 3330 854 3391 ὖ
878 3325 931 3392 ἐπὶ
953 3336 1011 3411 τής
1034 3331 1112 3412 ΕΝ,
1135 3327 1190 3393 καὶ

251 3485 426 3552 ῖτρίγωνον
450 3479 480 3538 ἐν
503 3492 540 3538 τῶ
561 3486 649 3536 ΦΨΡ
718 3483 1069 3553 3τήδὲΦΨτὴνςΧ
1136 3483 1189 3552 4ἡ

182 3557 228 3608 ΡΒ
284 3557 356 3610 τδΒ
415 3560 539 3641 θεοῖό]
600 3560 633 3608 10
652 3565 754 3624 γονιῶν
813 3560 846 3608 14
865 3554 993 3623 supplevi
1051 3559 1084 3608 23
1104 3575 1192 3609 κατα-
