2644 3870
176 165 239 241 148
341 167 491 222 Ηεςυιοε
509 161 775 232 mmmm
793 165 1021 224 ιιυινοτοαυ

174 325 266 404 w.
307 328 469 393 τοσούτου
487 326 664 411 ἀπολαβὼν
682 329 744 411 τὴν
762 333 830 393 ΑΕ
846 325 1014 407 έιιέζευξον
1031 328 1093 410 τὴν
1111 332 1186 392 ΔΕ·

175 431 230 498 καὶ
254 437 344 499 ἔσται
367 435 403 498 τὸ
426 437 653 520 προκείμενον.
741 483 743 486 -
1188 483 1191 487 -

243 541 271 605 δ.
300 542 473 627 Τριγώνου
492 539 652 617 δοθέντος
670 550 730 607 τοῦ
745 544 849 606 ΑΒΓ
859 540 995 625 ἀφελεῖν
1008 538 1062 604 ἀπ’
1082 539 1186 605 αὐτοῦ

162 650 340 734 Ἰτρίγωνον
362 649 399 713 τὸ
419 652 524 734 ΔΕΖ
547 644 652 713 δοθὲν
676 656 722 736 τῷ
745 647 894 732 μεγέθει,
923 649 1005 713 ὥστε
1027 648 1068 711 τὸ
1089 670 1188 711 κατα-

175 755 353 838 λειπόμενα
384 759 531 840 τρίγωνα
561 756 601 819 τά
628 759 735 819 ΑΔΕ
759 759 861 819 ΒΔΖ
889 757 985 819 ΓΕΖ
1017 759 1073 818 έσα
1100 747 1187 818 εἶναι
1217 771 1231 812 5

176 861 339 945 ἀλλήλοις.
389 859 448 926 έάν
474 862 515 944 δὴ
542 867 715 945 τμηθῶσιν
741 860 798 943 <al
821 864 901 944 AB,
929 863 1002 943 ΒΓ,
1030 863 1092 925 ΓΑ
1118 869 1189 935 τοῖς
1225 875 1227 878 ’

87 983 90 985 ’
174 973 222 1052 Δ,
248 972 290 1051 Ζ,
313 967 378 1051 Ε>,
406 968 489 1032 ὥστε
517 963 602 1032 εἶναι
635 967 679 1043 ὡς
709 967 770 1051 τὴν
802 972 872 1032 ΑΔ
902 967 986 1052 πρὸς
1017 965 1078 1049 τὴν
1109 969 1187 1048 ΔΒ,
1313 1003 1314 1036 ι

109 1107 112 1112 ·
176 1073 280 1153 οὕτως
318 1074 380 1158 τὴν
411 1079 475 1139 ΒΖ
511 1075 593 1161 πρὸς
627 1077 692 1139 ΖΓ
724 1071 778 1139 καὶ
814 1074 876 1156 τὴν
907 1076 968 1138 ΓΕ
995 1073 1079 1158 πρὸς
1110 1075 1188 1155 ΕΑ,

176 1185 266 1246 ἔσται
297 1183 337 1246 τὸ
369 1185 475 1245 ΑΔΕ
500 1185 602 1245 ΒΔΖ
632 1184 741 1246 ΖΓΕ,
759 1183 904 1265 τρίγονοι
936 1185 992 1245 ἴσα
1024 1177 1188 1261 ἀλλήλοις.
1312 1205 1314 1250 ι

1312 1057 1314 1134 ι

176 1287 359 1372 ἐπεζεύχθω
388 1281 451 1352 οὖν
473 1285 494 1369 ἡ
517 1292 549 1349 Α
556 1291 594 1350 Ζ·
623 1284 678 1350 καὶ
702 1285 775 1351 έαεί
795 1285 886 1350 ἐστιν
908 1285 953 1361 ὡς
975 1283 995 1367 ἡ
1019 1287 1082 1352 ΒΖ
1104 1283 1188 1368 πρὸς
1201 1304 1232 1344 ιο
1313 1275 1314 1314 ³

177 1397 248 1478 ZF,
280 1394 301 1478 ἡ
329 1397 394 1459 ΓΕ
421 1393 505 1478 πρὸς
534 1393 595 1476 τὴν
622 1397 703 1477 ΕΑ,
722 1385 790 1478 Ιαἰαὶ
818 1389 978 1457 συνθέντι
1005 1391 1073 1476 ἀρα
1096 1389 1140 1467 ὥς
1167 1389 1188 1472 ἡ
1312 1402 1314 1405 ’

176 1503 243 1565 ΒΓ
261 1501 344 1587 πρὸς
367 1502 439 1582 ΓΖ,
462 1498 482 1582 ἡ
507 1502 568 1564 ΓΑ
589 1497 672 1584 πρὸς
695 1503 773 1563 ΑΕ·
796 1496 851 1563 καὶ
874 1499 919 1574 ὡς
941 1499 1005 1583 ἀρα
1026 1497 1063 1561 τὸ
1088 1498 1192 1560 ΑΒΓ

175 1609 341 1692 τρίγωνον
371 1606 454 1691 πρὸς
485 1607 522 1670 τὸ
557 1609 666 1689 ΑΖΓ,
699 1605 804 1681 οὕτως
835 1605 872 1670 τὸ
905 1607 1009 1669 ΑΖΓ
1036 1603 1118 1689 πρὸς
1149 1603 1187 1667 τὸ

176 1718 288 1778 ΑΖΕ·
316 1710 370 1778 καὶ
398 1711 640 1800 ἀναστρέψαντι
668 1713 713 1789 ὡς
735 1713 772 1777 τὸ
797 1714 900 1776 ΑΒΓ
919 1714 1084 1797 τρίγωνον
1105 1710 1188 1794 πρὸς

175 1821 212 1885 τὸ
232 1824 343 1903 ΑΒΖ,
366 1819 452 1885 οὕτω
477 1822 514 1886 τὸ
534 1822 637 1884 ΑΖΓ
655 1816 739 1904 πρὸς
760 1817 797 1885 τὸ
815 1821 926 1902 ΕΓΖ,
950 1817 968 1883 δ’
987 1816 1055 1882 ἐστι
1074 1814 1187 1899 δοθέν.
1202 1835 1230 1876 15

176 1923 281 1992 δοθὲν
309 1923 346 1992 δέ
373 1925 428 1992 καὶ
455 1924 493 1992 τὸ
523 1929 635 1991 ΑΒΓ·
666 1921 771 1991 δοθὲν
799 1927 862 2011 ἀρα
889 1923 926 1990 τὸ
955 1921 1101 2008 έμβοιδὸν
1127 1931 1188 1987 τοῦ

176 2035 280 2097 ΑΒΓ
304 2030 357 2097 ε’τιὶ
384 2030 421 2097 τὸ
451 2029 597 2117 ἐμβαδὸν
623 2041 683 2098 τοῦ
709 2035 814 2115 ΖΕΓ,
842 2031 860 2096 ὅ
884 2029 952 2095 ἐστι
976 2025 1088 2096 δοθὲν.
1133 2027 1188 2094 καὶ

176 2145 252 2204 ἴσον
280 2137 348 2214 ἐστὶ
376 2147 421 2226 τῷ
445 2138 577 2226 ἐμβαδῷ
600 2148 661 2203 τοῦ
684 2142 784 2203 ΑΒΖ
807 2139 973 2224 τριγώνου
997 2134 1049 2202 εἀὶ
1072 2133 1109 2200 τὸ
1135 2134 1188 2220 έμ-

177 2247 283 2330 βαδὸν
314 2253 379 2336 τοῦ
407 2237 522 2310 ΑΖΓ·
559 2240 664 2309 δοθὲν
700 2245 764 2329 ἀρα
794 2241 849 2309 καὶ
881 2243 918 2309 τὸ
951 2242 1096 2328 ἐμβαδὸν
1126 2239 1188 2307 τοῦ

177 2356 278 2426 ΑΒΖ
306 2349 358 2416 ἐπὶ
386 2352 423 2416 τὸ
451 2350 596 2436 ἐμβαδὸν
622 2359 683 2416 τοῦ
706 2353 819 2415 ΑΖΓ·
847 2349 931 2440 ἀλλὰ
957 2359 1017 2415 τοῦ
1044 2345 1105 2434 μὲν
1134 2347 1187 2432 ἐμ-
1203 2369 1229 2409 20

177 2460 283 2545 βαδοῦ
314 2467 375 2524 τοῦ
406 2461 471 2521 ΑΒ
479 2463 506 2522 Ζ
533 2455 678 2522 καθέτου
705 2456 863 2541 ἀχθείσης
890 2465 947 2539 τῆς
975 2459 1050 2520 ΑΗ
1073 2456 1189 2520 διττλά-
1313 2429 1314 2474 ³

178 2570 252 2632 σιόν
275 2565 344 2631 ἐστι
366 2565 403 2629 τὸ
426 2564 491 2629 ὑπὸ
511 2567 573 2628 ΕΒ
591 2567 674 2647 ΑΗ,
697 2573 757 2628 τοῦ
781 2558 817 2627 δὲ
840 2562 986 2647 ἐμβαδοῦ
1009 2571 1069 2628 τοῦ
1089 2564 1193 2626 ΑΖΓ
1313 2619 1314 2628 ,

178 2670 459 2762 δάπλάσιόννέστι
486 2671 522 2735 τὸ
540 2670 615 2734 Ιὑπὸ
645 2672 710 2734 ΖΓ
734 2672 817 2733 ΑΗ·
845 2666 949 2734 δοθὲν
977 2671 1041 2754 ἀρα
1063 2670 1100 2734 τὸ
1122 2669 1188 2734 ὑπὸ

179 2784 240 2845 ΖΒ
259 2782 335 2853 ΑΗ
358 2775 420 2870 ἀπὸγλ
438 2779 475 2842 τὸ
504 2777 570 2842 ὑπὸ
600 2780 675 2841 ΑΗ
690 2780 761 2860 ΖΓ,
789 2775 939 2848 τουτέστι
965 2777 1002 2840 τὸ
1030 2775 1094 2841 ἀπὸ
1118 2777 1205 2861 ΑΗΧ

178 2883 231 2951 ἐπὶ
254 2887 290 2950 τὸ
312 2885 378 2950 ὑπὸ
402 2887 512 2949 ΒΖΓ·
540 2881 594 2948 καὶ
618 2886 686 2948 ἔστι
710 2884 849 2948 δοθεῖσα
871 2883 892 2966 ἡ
916 2881 1060 2968 [Χ]ΒΓ·
1084 2877 1188 2947 δοθὲν
1203 2901 1228 2941 25

178 2995 242 3078 ἀρα
264 2993 301 3057 τὸ
322 2997 362 3056 Ζ·
386 2993 484 3074 λόγος
506 2992 570 3076 ἀρα
592 2998 650 3074 τῆς
668 2993 734 3055 ΒΓ
752 2990 835 3075 πρὸς
857 2990 919 3073 τὴν
938 2992 999 3054 ΓΖ
1017 2988 1188 3072 <δοθείς>·

178 3101 261 3164 ὥστε
283 3096 338 3163 καὶ
360 3107 418 3180 τῆς
437 3100 501 3162 ΓΑ
523 3097 607 3182 πρὸς
625 3100 700 3161 ΑΕ.
741 3094 796 3160 καὶ
819 3097 888 3160 ἔστι
912 3097 1053 3161 δοθεῖσα
1075 3095 1094 3178 ἡ
1115 3098 1188 3160 ΓΑ·

178 3201 283 3271 δοθὸν
314 3207 378 3291 ἀρα
409 3202 464 3269 καὶ
496 3200 533 3268 τὸ
562 3208 599 3267 Ε.
644 3204 726 3267 κατά
759 3204 799 3267 τά
832 3203 914 3268 αὐτὰ
942 3203 983 3286 δὴ
1010 3200 1065 3266 καὶ
1092 3199 1129 3267 τὸ
1155 3207 1189 3265 Δ

179 3311 283 3378 δοθέν
315 3310 397 3376 ἐστι·
428 3309 522 3376 θέσει
553 3311 617 3396 ἀρα
649 3311 683 3375 αἱ
716 3314 786 3374 ΔΕ
812 3313 876 3374 ΕΖ
904 3314 977 3373 ΖΔ.
1028 3310 1188 3391 συντεθέ-

180 3437 270 3485 σεται
302 3419 349 3503 δὴΙ
376 3418 570 3494 ἀκολούθως·
601 3427 639 3503 τῇ
672 3416 831 3482 ἀναδύσει
865 3416 982 3491 οὕτως·
1015 3418 1096 3480 ἔστω
1124 3417 1188 3500 γάρ
1202 3433 1229 3474 εο

179 3519 206 3611 ἀγ
227 3522 293 3612 μὲν
311 3527 376 3588 ΑΒ
403 3524 559 3609 μονάδιον
587 3547 630 3608 ιγ,
657 3523 677 3607 ἡ
706 3519 743 3588 δὲ
766 3525 835 3587 ΒΓ
853 3515 1008 3606 μονάδων
1032 3522 1079 3605 ιδ,
1107 3521 1127 3604 ἡ
1151 3517 1188 3586 δὲ
