2644 3870
335 956 589 1041 ΗΡΩΝΟΣ
615 956 951 1041 ΜΕΤΡΙΚΩΝ
976 960 1011 1040 Β

551 1147 799 1216 ΠΡΟΟΙΜΙΟΝ

58 1308 101 1352 101.
111 1309 152 1350 8⁷*
238 1290 243 1380 1
262 1295 358 1359 Μετδι
376 1294 437 1376 τήν
455 1304 522 1358 τῶν
540 1292 741 1377 ἐπιφανειῶν
758 1290 915 1379 μέτρησιν
934 1292 1181 1380 εὐθυγράμμων

168 1423 204 1466 τε
230 1399 285 1466 καὶ
312 1401 356 1485 μή
383 1401 465 1464 κατά
492 1399 529 1463 τὸ
555 1398 746 1464 ἀκόλουθον
769 1397 822 1464 ἐπὶ
844 1401 885 1464 τά
908 1402 1023 1485 στερεά
1047 1400 1180 1484 σώματα

168 1505 348 1593 χωρητέον,
376 1500 423 1570 ὧν
450 1503 505 1569 καὶ
532 1506 591 1582 τάς
617 1504 809 1590 ἐπιφανείας
837 1504 874 1570 ἐν
903 1515 949 1594 τῷ
971 1507 1035 1591 πρὸ
1058 1506 1181 1572 τούτου
1207 1523 1222 1565 ο

168 1614 287 1700 βιβλίῳ
315 1611 536 1697 ἐμετρήσαμεν
564 1610 739 1688 ἐπιπέδους
766 1634 801 1677 τε
827 1610 882 1677 καὶ
910 1613 1103 1698 σφαιρικάς,
1131 1615 1180 1678 ἐτι

167 1743 203 1784 τε
225 1720 367 1795 πανικὰς
384 1715 439 1783 καὶ
457 1718 681 1804 κνλινδρικάς,
703 1719 787 1804 πρὸς
805 1714 842 1783 δέ
860 1719 991 1795 τούτοις
1009 1717 1181 1803 άτάκτονς,

168 1820 216 1891 ὧν
246 1827 305 1902 τάς
336 1824 484 1901 ἐπινοίας
516 1826 625 1911 ὥσπερ
655 1824 863 1911 παραδόξους
890 1825 991 1901 οὔσας
1018 1821 1106 1901 τινὲς
1133 1827 1180 1901 είς

162 1930 364 2018 Ἀρχιμήδην
396 1929 623 2018 ἀναφέρουσιν
654 1933 737 1996 κατά
768 1932 929 2016 διαδοχήν
962 1932 1179 2016 ἱστοροῦντες.

168 2044 233 2104 είτε
260 2034 298 2103 δὲ
315 2036 534 2124 Ἀρχιμήδους
560 2044 626 2103 είτε
653 2039 758 2103 άλλου
783 2040 888 2122 τινός,
916 2036 1098 2120 ἀναγκαῖον
1123 2036 1179 2102 καὶ
1193 2057 1221 2098 ιο

167 2143 288 2220 ταύτας
313 2143 649 2229 προ<σ>νπογράναι,
677 2144 765 2220 ὅπως
790 2144 873 2208 κατά
895 2140 999 2229 μηδὲν
1022 2142 1178 2227 ἐνδεήςή

167 2253 371 2335 πραγματεία
393 2251 539 2336 τνγχάνη
562 2259 632 2326 τοῖς
655 2248 872 2334 βουλομένοις
894 2250 978 2315 αὐτὰ
997 2253 1179 2336 μεταχειρί-

168 2360 291 2435 ζεσθαι.

234 2462 381 2547 Στερεὸν
404 2460 643 2547 εὐθύγραμμον
661 2461 873 2548 ὀρθογώνιον
890 2472 1047 2548 μετρῆσαι
1066 2463 1178 2528 δοθεί-

168 2585 227 2652 σης
254 2566 390 2652 ἑκάστης
417 2568 521 2633 αὐτοῦ
548 2572 707 2654 πλευράς,
738 2571 863 2654 μήκους
889 2567 1006 2634 τεκαὶ
1032 2569 1178 2646 πλάτους
1191 2587 1218 2628 15

166 2673 222 2740 καὶ
244 2676 373 2758 βάθους
395 2674 415 2758 ή
438 2675 576 2759 πάχους·
599 2670 700 2740 οὐδὲν
723 2677 786 2761 γάρ
810 2677 929 2741 διοίσει
949 2675 1006 2759 [εἰ]
1025 2674 1045 2758 ή
1063 2681 1178 2741 κοῖλον

166 2781 317 2867 ὑπάρχον
347 2781 544 2866 μετρείσθαί
571 2805 602 2846 τι
635 2792 727 2866 σῶμα
754 2780 775 2864 ή
802 2784 934 2847 ναστόν.
984 2783 1091 2866 βάθος
1117 2777 1179 2866 μὲν

167 2888 230 2973 γάρ
257 2892 403 2952 καλεῖται
427 2885 480 2953 ἐπὶ
502 2898 570 2953 τῶν
591 2891 715 2953 κοίλων
738 2889 912 2973 σωμάτων,
938 2889 1042 2973 πάχος
1064 2883 1102 2952 δὲ
1125 2884 1178 2952 ἐπὶ

166 3004 234 3057 τῶν
261 3005 399 3059 νοστῶν.
445 2997 526 3059 ἔστω
555 2990 592 3059 δέ
619 2995 656 3059 τὸ
684 2991 745 3079 μὲν
772 3004 874 3078 μήκος
900 2995 1056 3079 μονάδων
1078 3018 1112 3078 κ,
1139 2993 1176 3058 τὸ

167 3095 204 3164 δέ
226 3100 349 3177 πλάτος
370 3101 526 3186 μονάδων
550 3104 598 3184 ιβ,
621 3102 658 3166 τὸ
683 3096 720 3165 δέ
741 3101 845 3184 πάχος
866 3101 1023 3185 μονάδων
1044 3122 1077 3166 π.
1119 3098 1177 3164 ἐάν
1190 3117 1216 3159 ιο

167 3208 208 3291 δή
244 3205 287 3272 δι’
323 3206 476 3290 ἀλλήλων
511 3209 590 3283 τοὺς
625 3206 792 3292 άριθμοὺς
826 3208 1177 3291 πολλαπλασιάσωμεν,

166 3317 338 3396 γίγνονται
365 3315 507 3399 μονάδες
535 3337 591 3400 [ατ.
636 3312 805 3377 τοσούτων
832 3308 870 3377 δέ
896 3311 951 3378 καὶ
978 3314 1016 3378 τὸ
1043 3313 1177 3398 στερεὸν

56 3514 123 3532 ⁴
237 3506 383 3562 ltimlum
397 3505 524 3575 supplevi
588 3510 619 3557 11
637 3503 869 3575 προνπογράιγαιε
889 3505 996 3559 correxi
1060 3510 1093 3559 16
1108 3502 1176 3577 [εί]ε

178 3577 301 3633 '21.m.1
377 3582 409 3632 19
420 3595 460 3646 sq.
479 3574 588 3630 numeri
607 3573 730 3644 corrupti
