2644 3870
181 182 246 247 122
345 183 494 237 muoz
513 181 778 242 ιεωεεαοεωωε
796 181 1021 234 munzun

179 346 359 428 δείκνυσιν,
384 345 434 410 ὅτι
458 345 475 410 6
498 345 676 430 κύλινδρος
699 343 716 408 6
740 344 838 426 βάσιν
861 339 922 426 μὲν
944 345 1028 427 ἔχων
1047 348 1124 425 ίσην
1141 349 1188 428 τῷ

179 454 320 539 μεγίστῳ
348 452 457 539 κύκλῳ
484 461 551 516 τῶν
579 449 616 515 ἐν
642 460 681 536 τῇ
710 454 849 536 σφαίρᾳ,
875 449 961 527 ὕφος
988 445 1025 513 δὲ
1050 454 1125 513 ίσον
1147 458 1187 535 τῇ

179 557 341 646 διαμέτρῳ
382 566 439 640 τῆς
476 560 619 643 σφαίρας
654 555 804 641 ήμιόλιός
840 555 908 621 έστι
943 564 1000 640 τής
1036 557 1187 640 σφαίρας.

180 667 262 730 ὥστε
289 665 370 729 κατὰ
395 661 399 750 Ι
424 672 544 730 τοῦτον
570 663 630 728 τὸν
656 664 758 745 λόγον
781 663 890 745 δεήσει
913 662 953 760 τά
976 686 988 725 ι
1012 657 1063 745 ἐφ’
1088 658 1187 726 ἑαυτά

177 791 361 872 ποιήσαντα
387 790 502 871 λαβεῖν
527 798 594 852 τῶν
616 783 804 869 γενομένων
826 786 863 850 τὸ
885 743 920 850 ιάα
938 782 993 850 καὶ
1011 794 1114 850 ταῦτα
1133 783 1186 850 ἐστὶ
1214 803 1228 842 ⁵

98 931 100 934 ·
177 896 215 960 τὸ
242 893 328 971 ὕψος
352 901 412 958 τοῦ
435 893 618 979 κυλίνδρου
639 892 987 975 πολλαπλασιάσαντα,
1014 890 1186 958 τουτέστιν

179 999 231 1067 ἐπὶ
263 1001 322 1065 τὸν
354 1025 381 1082 ι,
412 1010 480 1064 τῶν
506 997 695 1083 γενομένων
723 1000 838 1081 λαβεῖν
864 998 901 1062 τὸ
930 999 1097 1084 δίμοιρον,
1130 995 1185 1063 καὶ

177 1106 415 1191 ἀποφήνασθαι
438 1106 475 1171 τὸ
499 1114 555 1188 τῆς
579 1107 721 1190 σφαίρας
740 1107 886 1190 στερεόν·
906 1101 970 1169 είσὶ
989 1101 1025 1169 δέ
1043 1106 1186 1189 μονάδες

265 1207 306 1253 κα’

178 1291 245 1351 φκγ
264 1271 301 1346 ιζ.
346 1267 428 1352 κατὰ
456 1261 492 1330 δέ
520 1266 579 1329 τὸν
607 1262 710 1329 αὐτὸν
737 1267 839 1347 λόγον
864 1265 1047 1348 δείκνυται,
1076 1265 1126 1330 ὅτι
1150 1289 1185 1330 ια

175 1373 273 1457 κύβοι
297 1373 329 1438 οἱ
352 1371 416 1437 άπὸ
440 1380 497 1453 τῆς
520 1369 698 1456 διαμέτρου
720 1379 778 1453 τής
801 1373 943 1456 σφαίρας
966 1376 1033 1437 ίσοι
1051 1375 1184 1453 μίμνον·
1197 1387 1225 1427 1⁰

176 1503 229 1544 ται
251 1503 293 1544 κα
317 1477 524 1564 σφαίρα<ις>.
562 1479 645 1542 ὥστε
668 1479 777 1560 δεήσει
800 1480 981 1561 κυβίσαντα
1004 1479 1044 1542 τδι
1067 1497 1092 1542 ι·
1116 1481 1185 1542 ἔστι

698 1577 703 1594 ι
1158 1565 1184 1604 α’

176 1617 213 1686 δὲ
236 1639 279 1706 ,α’
310 1620 438 1685 τούτων
461 1622 575 1703 λαβεῖν
598 1621 637 1684 τά
661 1594 703 1689 ίά
746 1615 810 1683 εἰσὶ
833 1614 870 1683 δὲ
893 1619 1034 1701 μονάδες
1057 1642 1124 1703 φκν
1143 1577 1184 1698 λζ.

175 1724 230 1792 καὶ
262 1726 424 1792 τοσούτου
451 1725 697 1810 ἀποφαίνεσθαι
724 1726 762 1790 τὸ
790 1725 924 1810 στερεὸν
950 1735 1008 1808 τῆς
1035 1728 1184 1811 σφαίρας.

244 1836 286 1917 ιβ.
303 1831 411 1897 Ἔστω
439 1832 480 1915 δή
508 1841 617 1916 τμήμα
645 1834 788 1918 σφαίρας
815 1840 986 1916 μετρῆσαι,
1015 1827 1055 1896 οὗ
1080 1830 1100 1914 6
1124 1828 1185 1914 μέν

175 1940 350 2025 διάμετρος
371 1945 430 2022 τῆς
452 1939 577 2023 βάσεως
600 1941 681 2004 ἔστω
700 1938 856 2021 μονάδων
875 1940 927 2021 ιβ,
950 1936 970 2021 6
990 1934 1027 2003 δὲ
1045 1938 1185 2014 κάθετος
1199 1952 1226 1992 1⁵

175 2046 331 2130 μονάδων
354 2048 383 2129 β.
421 2045 524 2110 πάλιν
551 2040 613 2110 οὖν
637 2045 654 2110 6
678 2043 777 2120 αὐτὸς
795 2042 991 2128 Ἀρχιμήδης
1014 2045 1185 2109 δείκνυσιν

176 2150 230 2240 (de
253 2151 321 2236 sph.
345 2155 378 2216 et
400 2150 459 2236 cyl.
483 2149 568 2235 11,2
596 2150 705 2216 coroll.
724 2149 786 2214 vol.
805 2147 821 2214 I
846 2173 876 2234 p.
896 2149 961 2214 200
982 2147 1105 2236 Heib.),
1134 2150 1184 2214 ὅτι

174 2269 242 2325 πᾶν
270 2267 379 2342 τμῆμα
406 2261 548 2344 σφαίρας
575 2257 658 2344 πρὸς
685 2258 744 2322 τὸν
770 2267 880 2323 κῶνον
906 2258 966 2322 τὸν
992 2257 1053 2339 τὴν
1080 2255 1185 2339 αὐτὴν
1305 2295 1307 2302 =

175 2367 274 2450 βάσιν
301 2368 418 2449 ἔχοντα
445 2363 534 2450 αὐτῷ
561 2361 616 2428 καὶ
643 2362 728 2440 ὕφος
755 2368 830 2427 ίσον
857 2365 958 2444 λόγον
985 2364 1065 2446 ἔχει,
1096 2361 1135 2428 ὃν
1162 2361 1182 2446 6

175 2482 234 2538 τοῦ
258 2477 377 2537 λοιποῦ
400 2473 564 2554 τμήματος
581 2469 721 2544 κάθετος
738 2470 819 2553 μετὰ
837 2477 894 2552 τής
913 2467 947 2533 έκ
965 2477 1026 2533 τοῦ
1044 2466 1184 2553 κέντρου
1199 2483 1225 2524 2⁰

175 2567 233 2663 τῆς
252 2581 394 2663 σφαίρας
412 2576 495 2659 πρὸς
512 2575 574 2658 τήν
592 2575 695 2658 αὐτὴν
713 2575 865 2640 κάθετον.
898 2577 980 2639 ἔστω
999 2570 1062 2639 οὖν
1075 2583 1184 2659 τμήμα

175 2687 212 2751 τὸ
231 2683 405 2768 εἰρημένον
422 2691 479 2765 τῆς
499 2684 641 2765 σφαίρας
660 2683 696 2746 τὸ
713 2682 845 2746 κατὰτὸ
860 2681 1183 2764 ΑΒΓτοῦκάκλου,

175 2787 215 2857 οὗ
243 2792 383 2866 κάθετος
409 2788 430 2872 6
453 2793 529 2853 ΒΛ.
556 2785 610 2852 καὶ
634 2789 715 2852 ἔστω
739 2788 776 2852 τὸ
800 2785 938 2872 κέντρον
960 2796 1018 2870 τής
1041 2790 1184 2873 σφαίρας

174 2898 211 2962 τὸ
237 2901 272 2960 Ζ.
300 2898 344 2973 ὡς
371 2897 435 2981 άρα
462 2896 499 2960 τὸ
526 2904 634 2978 τμῆμα
661 2904 718 2977 τής
746 2897 888 2979 σφαίρας
909 2895 993 2979 πρὸς
1015 2893 1074 2958 τὸν
1097 2895 1183 2979 είρη-

173 3002 276 3087 μένον
297 3013 417 3085 κῶνον,
440 3001 526 3066 οὕτω
551 3003 800 3084 συναμφότερος
819 2999 840 3083 6
859 3005 892 3064 Δ
897 3004 929 3063 Ε
940 3003 1004 3064 ΕΖ
1021 3000 1104 3085 πρὸς
1122 3001 1183 3083 τήν
1198 3017 1223 3057 ²⁵

174 3113 249 3172 ΔΕ,
277 3104 331 3171 καὶ
360 3104 429 3171 ἐπεὶ
452 3108 592 3172 δοθεῖσά
615 3105 706 3171 ἐστιν
727 3105 748 3189 6
772 3110 804 3168 Α
810 3107 852 3188 Γ,
880 3106 1019 3171 δοθεῖσα
1042 3107 1106 3192 άρα
1127 3105 1182 3171 καὶ

173 3214 193 3297 6
218 3218 299 3277 ΑΔ·
328 3209 433 3279 δοθὲν
462 3214 526 3299 άρα
548 3211 602 3278 καὶ
625 3213 662 3277 τὸ
685 3210 749 3276 άπὸ
774 3216 858 3295 ΑΔ,
886 3211 1034 3277 τουτέστι
1057 3213 1094 3277 τὸ
1117 3213 1182 3278 ὑπὸ
1248 3230 1252 3236 ’

174 3324 241 3384 ΒΔ
259 3323 334 3385 ΔΕ.
375 3317 430 3384 καὶ
454 3322 522 3385 ἔστι
546 3321 685 3385 δοθεῖσα
707 3318 727 3401 6
747 3322 826 3382 ΒΔ·
850 3319 988 3383 δοθεῖσα
1007 3319 1071 3402 άρα
1087 3318 1144 3384 καὶ
1161 3318 1182 3403 6

172 3432 253 3491 ΔΕ·
280 3424 335 3491 καὶ
363 3427 422 3510 ὅλη
451 3427 514 3512 άρα
540 3426 561 3510 6
585 3429 651 3490 BE
672 3424 811 3490 δοθεῖσά
835 3423 933 3488 ἐστιν.
979 3425 1062 3489 ὥστε
1084 3424 1181 3508 καὶὴ

173 3537 245 3597 ΕΖ.
286 3530 340 3598 καὶ
364 3536 613 3618 συναμφότερος
636 3533 700 3617 άρα
721 3530 742 3614 6
762 3534 830 3594 ΔΕ
841 3534 905 3594 ΕΖ
926 3531 1065 3595 δοθεῖσά
1084 3529 1182 3597 ἐστιν.
1196 3550 1223 3590 ³0
