<?xml version="1.0" encoding="UTF-8"?>
<!DOCTYPE html PUBLIC "-//W3C//DTD XHTML 1.0 Transitional//EN"
    "http://www.w3.org/TR/xhtml1/DTD/xhtml1-transitional.dtd">
<html xmlns="http://www.w3.org/1999/xhtml" xml:lang="en" lang="en">
 <head>
  <title>
</title>
<meta http-equiv="Content-Type" content="text/html;charset=utf-8" />
  <meta name='ocr-system' content='tesseract 3.04.00' />
  <meta name='ocr-capabilities' content='ocr_page ocr_carea ocr_par ocr_line ocrx_word'/>
</head>
<body>
  <div class='ocr_page' id='page_1' title='image "./heronisalexandr00schogoog_0145.png"; bbox 0 0 2644 3870; ppageno 0'>
   <div class='ocr_carea' id='block_1_1' title="bbox 171 195 1012 260">
    <p class='ocr_par' dir='ltr' id='par_1_1' title="bbox 171 195 1012 260">
     <span class='ocr_line' id='line_1_1' title="bbox 171 195 1012 260; baseline -0.002 -9"><span class='ocrx_word' id='word_1_1' title='bbox 171 195 234 260; x_wconf 82' lang='grc'><strong><em>128</em></strong></span> <span class='ocrx_word' id='word_1_2' title='bbox 334 196 484 250; x_wconf 79' lang='grc' dir='ltr'>ΗΡΩΝΟΣ</span> <span class='ocrx_word' id='word_1_3' title='bbox 502 195 768 256; x_wconf 55' lang='lat' dir='ltr'><strong><em>mmmm</em></strong></span> <span class='ocrx_word' id='word_1_4' title='bbox 786 198 972 250; x_wconf 81' lang='grc' dir='ltr'><strong><em>ΜΕΤΡῙΚΩΝ</em></strong></span> <span class='ocrx_word' id='word_1_5' title='bbox 990 199 1012 249; x_wconf 89' lang='grc' dir='ltr'>Β</span> 
     </span>
    </p>
   </div>
   <div class='ocr_carea' id='block_1_2' title="bbox 169 357 1221 1296">
    <p class='ocr_par' dir='ltr' id='par_1_2' title="bbox 169 357 1221 1296">
     <span class='ocr_line' id='line_1_2' title="bbox 169 357 1183 447; baseline 0.001 -24"><span class='ocrx_word' id='word_1_6' title='bbox 169 357 224 423; x_wconf 87' lang='grc' dir='ltr'><strong><em>καὶ</em></strong></span> <span class='ocrx_word' id='word_1_7' title='bbox 247 357 311 423; x_wconf 82' lang='grc' dir='ltr'><strong><em>άπὸ</em></strong></span> <span class='ocrx_word' id='word_1_8' title='bbox 336 370 403 423; x_wconf 85' lang='grc' dir='ltr'><strong><em>τῶν</em></strong></span> <span class='ocrx_word' id='word_1_9' title='bbox 422 364 463 442; x_wconf 90' lang='grc' dir='ltr'><strong><em>Α,</em></strong></span> <span class='ocrx_word' id='word_1_10' title='bbox 480 363 507 422; x_wconf 89' lang='grc' dir='ltr'>Ζ</span> <span class='ocrx_word' id='word_1_11' title='bbox 525 367 571 446; x_wconf 77' lang='grc' dir='ltr'><strong><em>τῷ</em></strong></span> <span class='ocrx_word' id='word_1_12' title='bbox 589 357 794 446; x_wconf 76' lang='grc' dir='ltr'><strong><em>ὑποκειμένῳ</em></strong></span> <span class='ocrx_word' id='word_1_13' title='bbox 814 358 956 447; x_wconf 76' lang='grc' dir='ltr'><strong><em>ἐπιπέδῳ</em></strong></span> <span class='ocrx_word' id='word_1_14' title='bbox 975 359 1057 445; x_wconf 88' lang='grc' dir='ltr'><strong><em>πρὸς</em></strong></span> <span class='ocrx_word' id='word_1_15' title='bbox 1076 358 1183 445; x_wconf 87' lang='grc' dir='ltr'><strong><em>ὀρθάς</em></strong></span> 
     </span>
     <span class='ocr_line' id='line_1_3' title="bbox 169 463 1181 550; baseline -0.003 -19"><span class='ocrx_word' id='word_1_16' title='bbox 169 467 328 548; x_wconf 72' lang='grc' dir='ltr'><strong><em>ἤχθωσαν</em></strong></span> <span class='ocrx_word' id='word_1_17' title='bbox 354 465 389 529; x_wconf 81' lang='grc' dir='ltr'><strong><em>αλ</em></strong></span> <span class='ocrx_word' id='word_1_18' title='bbox 411 469 515 530; x_wconf 94' lang='grc' dir='ltr'><strong><em>ΔΖΕ</em></strong></span> <span class='ocrx_word' id='word_1_19' title='bbox 532 468 647 529; x_wconf 82' lang='grc' dir='ltr'><em>ΑΗΘ.</em></span> <span class='ocrx_word' id='word_1_20' title='bbox 692 463 747 530; x_wconf 83' lang='grc' dir='ltr'><strong><em>καὶ</em></strong></span> <span class='ocrx_word' id='word_1_21' title='bbox 772 465 827 530; x_wconf 85' lang='grc' dir='ltr'><strong><em>διδ</em></strong></span> <span class='ocrx_word' id='word_1_22' title='bbox 849 477 917 530; x_wconf 84' lang='grc' dir='ltr'><strong><em>τῶν</em></strong></span> <span class='ocrx_word' id='word_1_23' title='bbox 939 470 982 549; x_wconf 95' lang='grc' dir='ltr'><strong><em>Δ,</em></strong></span> <span class='ocrx_word' id='word_1_24' title='bbox 1000 469 1032 528; x_wconf 89' lang='grc' dir='ltr'><em>Ε</em></span> <span class='ocrx_word' id='word_1_25' title='bbox 1052 474 1091 550; x_wconf 76' lang='grc' dir='ltr'><strong><em>τη</em></strong></span> <span class='ocrx_word' id='word_1_26' title='bbox 1115 469 1181 529; x_wconf 89' lang='grc' dir='ltr'><strong><em>ΑΒ</em></strong></span> 
     </span>
     <span class='ocr_line' id='line_1_4' title="bbox 170 568 1181 657; baseline 0.001 -22"><span class='ocrx_word' id='word_1_27' title='bbox 170 571 374 657; x_wconf 90' lang='grc' dir='ltr'><strong><em>παράλληλοι</em></strong></span> <span class='ocrx_word' id='word_1_28' title='bbox 391 573 550 655; x_wconf 80' lang='grc' dir='ltr'><strong><em>ἤχθωσαν</em></strong></span> <span class='ocrx_word' id='word_1_29' title='bbox 568 572 603 636; x_wconf 81' lang='grc' dir='ltr'><strong><em>αλ</em></strong></span> <span class='ocrx_word' id='word_1_30' title='bbox 620 575 698 636; x_wconf 88' lang='grc' dir='ltr'><strong><em>ΔΗ</em></strong></span> <span class='ocrx_word' id='word_1_31' title='bbox 707 575 782 636; x_wconf 80' lang='grc' dir='ltr'><strong><em>ΕΘ.</em></strong></span> <span class='ocrx_word' id='word_1_32' title='bbox 819 573 982 636; x_wconf 77' lang='grc' dir='ltr'><strong><em>δέδεικται</em></strong></span> <span class='ocrx_word' id='word_1_33' title='bbox 1001 568 1037 636; x_wconf 72' lang='grc' dir='ltr'><strong><em>δέ</em></strong></span> <span class='ocrx_word' id='word_1_34' title='bbox 1056 576 1181 636; x_wconf 92' lang='grc' dir='ltr'><strong><em>Διονυ-</em></strong></span> 
     </span>
     <span class='ocr_line' id='line_1_5' title="bbox 171 673 1181 765; baseline 0 -23"><span class='ocrx_word' id='word_1_35' title='bbox 171 677 308 765; x_wconf 84' lang='grc' dir='ltr'><strong><em>σοδώρῳ</em></strong></span> <span class='ocrx_word' id='word_1_36' title='bbox 332 676 369 742; x_wconf 89' lang='grc' dir='ltr'><strong><em>έν</em></strong></span> <span class='ocrx_word' id='word_1_37' title='bbox 390 685 435 763; x_wconf 74' lang='grc' dir='ltr'><strong><em>τῳ</em></strong></span> <span class='ocrx_word' id='word_1_38' title='bbox 458 673 533 762; x_wconf 85' lang='grc' dir='ltr'><strong><em>περὶ</em></strong></span> <span class='ocrx_word' id='word_1_39' title='bbox 554 687 612 760; x_wconf 82' lang='grc' dir='ltr'><strong><em>τῆς</em></strong></span> <span class='ocrx_word' id='word_1_40' title='bbox 630 680 765 760; x_wconf 82' lang='grc' dir='ltr'><strong><em>σπείρας</em></strong></span> <span class='ocrx_word' id='word_1_41' title='bbox 785 676 1048 765; x_wconf 80' lang='grc' dir='ltr'><strong><em>ἐπιγραφομένῳ,</em></strong></span> <span class='ocrx_word' id='word_1_42' title='bbox 1071 678 1122 742; x_wconf 85' lang='grc' dir='ltr'><strong><em>ὅτι</em></strong></span> <span class='ocrx_word' id='word_1_43' title='bbox 1140 677 1181 742; x_wconf 86' lang='grc' dir='ltr'><strong><em>ὃν</em></strong></span> 
     </span>
     <span class='ocr_line' id='line_1_6' title="bbox 170 767 1221 870; baseline -0.001 -22"><span class='ocrx_word' id='word_1_44' title='bbox 170 767 273 866; x_wconf 82' lang='grc' dir='ltr'><strong><em>λύγον</em></strong></span> <span class='ocrx_word' id='word_1_45' title='bbox 291 786 356 868; x_wconf 79' lang='grc' dir='ltr'><strong><em>ἔχει</em></strong></span> <span class='ocrx_word' id='word_1_46' title='bbox 374 783 392 848; x_wconf 86' lang='grc' dir='ltr'><strong><em>δ</em></strong></span> <span class='ocrx_word' id='word_1_47' title='bbox 408 787 545 849; x_wconf 86' lang='grc' dir='ltr'><em>ΒΓΔΕ</em></span> <span class='ocrx_word' id='word_1_48' title='bbox 559 785 680 861; x_wconf 79' lang='grc' dir='ltr'><strong><em>κύκλος</em></strong></span> <span class='ocrx_word' id='word_1_49' title='bbox 697 785 780 870; x_wconf 86' lang='grc' dir='ltr'><strong><em>πρὸς</em></strong></span> <span class='ocrx_word' id='word_1_50' title='bbox 797 785 834 849; x_wconf 91' lang='grc' dir='ltr'><strong><em>τὸ</em></strong></span> <span class='ocrx_word' id='word_1_51' title='bbox 849 785 951 868; x_wconf 78' lang='grc' dir='ltr'><strong><em>ἥμισυ</em></strong></span> <span class='ocrx_word' id='word_1_52' title='bbox 963 794 1024 849; x_wconf 85' lang='grc' dir='ltr'><strong><em>τοῦ</em></strong></span> <span class='ocrx_word' id='word_1_53' title='bbox 1038 788 1181 849; x_wconf 83' lang='grc' dir='ltr'><em>ΑΕΗΘ</em></span> <span class='ocrx_word' id='word_1_54' title='bbox 1208 806 1221 846; x_wconf 85' lang='lat'><strong>5</strong></span> 
     </span>
     <span class='ocr_line' id='line_1_7' title="bbox 170 889 1180 977; baseline 0.003 -24"><span class='ocrx_word' id='word_1_55' title='bbox 170 890 525 975; x_wconf 75' lang='grc' dir='ltr'><strong><em>παραλληλογράμμου,</em></strong></span> <span class='ocrx_word' id='word_1_56' title='bbox 538 899 659 956; x_wconf 86' lang='grc' dir='ltr'><strong><em>τοῦτον</em></strong></span> <span class='ocrx_word' id='word_1_57' title='bbox 672 893 738 974; x_wconf 82' lang='grc' dir='ltr'><strong><em>ἔχει</em></strong></span> <span class='ocrx_word' id='word_1_58' title='bbox 751 889 806 955; x_wconf 81' lang='grc' dir='ltr'><strong><em>καὶ</em></strong></span> <span class='ocrx_word' id='word_1_59' title='bbox 820 890 840 974; x_wconf 81' lang='grc' dir='ltr'><em>ἡ</em></span> <span class='ocrx_word' id='word_1_60' title='bbox 852 898 1053 974; x_wconf 78' lang='grc' dir='ltr'><strong><em>γεννηθεῑσα</em></strong></span> <span class='ocrx_word' id='word_1_61' title='bbox 1063 902 1180 977; x_wconf 79' lang='grc' dir='ltr'><strong><em>σπεῖρα</em></strong></span> 
     </span>
     <span class='ocr_line' id='line_1_8' title="bbox 169 993 1181 1083; baseline 0.003 -24"><span class='ocrx_word' id='word_1_62' title='bbox 169 994 234 1060; x_wconf 88' lang='grc' dir='ltr'><strong><em>ὑπὸ</em></strong></span> <span class='ocrx_word' id='word_1_63' title='bbox 259 1005 319 1061; x_wconf 90' lang='grc' dir='ltr'><strong><em>τοῦ</em></strong></span> <span class='ocrx_word' id='word_1_64' title='bbox 337 999 474 1061; x_wconf 88' lang='grc' dir='ltr'><em>ΒΓΔΕ</em></span> <span class='ocrx_word' id='word_1_65' title='bbox 494 997 618 1062; x_wconf 90' lang='grc' dir='ltr'><strong><em>κύκλου</em></strong></span> <span class='ocrx_word' id='word_1_66' title='bbox 640 997 724 1083; x_wconf 88' lang='grc' dir='ltr'><strong><em>πρὸς</em></strong></span> <span class='ocrx_word' id='word_1_67' title='bbox 741 997 801 1062; x_wconf 83' lang='grc' dir='ltr'><strong><em>τὸν</em></strong></span> <span class='ocrx_word' id='word_1_68' title='bbox 817 997 1010 1083; x_wconf 80' lang='grc' dir='ltr'><strong><em>κύλινδρον,</em></strong></span> <span class='ocrx_word' id='word_1_69' title='bbox 1033 993 1074 1062; x_wconf 86' lang='grc' dir='ltr'><strong><em>οὗ</em></strong></span> <span class='ocrx_word' id='word_1_70' title='bbox 1093 996 1181 1076; x_wconf 85' lang='grc' dir='ltr'><strong><em>άξων</em></strong></span> 
     </span>
     <span class='ocr_line' id='line_1_9' title="bbox 170 1099 1179 1189; baseline 0.003 -23"><span class='ocrx_word' id='word_1_71' title='bbox 170 1099 231 1186; x_wconf 92' lang='grc' dir='ltr'><strong><em>μέν</em></strong></span> <span class='ocrx_word' id='word_1_72' title='bbox 258 1101 349 1168; x_wconf 82' lang='grc' dir='ltr'><strong><em>ἐστιν</em></strong></span> <span class='ocrx_word' id='word_1_73' title='bbox 375 1102 392 1167; x_wconf 89' lang='grc' dir='ltr'><strong><em>δ</em></strong></span> <span class='ocrx_word' id='word_1_74' title='bbox 417 1107 456 1166; x_wconf 92' lang='grc' dir='ltr'>Η</span> <span class='ocrx_word' id='word_1_75' title='bbox 458 1106 501 1186; x_wconf 78' lang='grc' dir='ltr'><strong><em>Θ,</em></strong></span> <span class='ocrx_word' id='word_1_76' title='bbox 527 1102 548 1186; x_wconf 78' lang='grc' dir='ltr'><strong><em>η</em></strong></span> <span class='ocrx_word' id='word_1_77' title='bbox 573 1099 609 1168; x_wconf 75' lang='grc' dir='ltr'><strong><em>δὲ</em></strong></span> <span class='ocrx_word' id='word_1_78' title='bbox 633 1101 669 1167; x_wconf 85' lang='grc' dir='ltr'><strong><em>έκ</em></strong></span> <span class='ocrx_word' id='word_1_79' title='bbox 690 1112 751 1169; x_wconf 86' lang='grc' dir='ltr'><strong><em>τοῦ</em></strong></span> <span class='ocrx_word' id='word_1_80' title='bbox 772 1101 913 1189; x_wconf 89' lang='grc' dir='ltr'><strong><em>κέντρου</em></strong></span> <span class='ocrx_word' id='word_1_81' title='bbox 935 1112 993 1187; x_wconf 77' lang='grc' dir='ltr'><strong><em>τῆς</em></strong></span> <span class='ocrx_word' id='word_1_82' title='bbox 1011 1104 1137 1187; x_wconf 89' lang='grc' dir='ltr'><strong><em>βάσεως</em></strong></span> <span class='ocrx_word' id='word_1_83' title='bbox 1159 1103 1179 1187; x_wconf 77' lang='grc' dir='ltr'><em>ἡ</em></span> 
     </span>
     <span class='ocr_line' id='line_1_10' title="bbox 170 1204 1185 1296; baseline 0.002 -24"><span class='ocrx_word' id='word_1_84' title='bbox 170 1211 243 1272; x_wconf 81' lang='grc' dir='ltr'><strong><em>ΕΘ.</em></strong></span> <span class='ocrx_word' id='word_1_85' title='bbox 290 1207 360 1275; x_wconf 82' lang='grc' dir='ltr'><strong><em>έπεὶ</em></strong></span> <span class='ocrx_word' id='word_1_86' title='bbox 390 1204 452 1274; x_wconf 86' lang='grc' dir='ltr'><strong><em>οὖν</em></strong></span> <span class='ocrx_word' id='word_1_87' title='bbox 478 1209 499 1293; x_wconf 82' lang='grc' dir='ltr'><strong><em>η</em></strong></span> <span class='ocrx_word' id='word_1_88' title='bbox 522 1212 590 1274; x_wconf 89' lang='grc' dir='ltr'><strong><em>ΒΓ</em></strong></span> <span class='ocrx_word' id='word_1_89' title='bbox 611 1210 767 1293; x_wconf 77' lang='grc' dir='ltr'><strong><em>μονάδων</em></strong></span> <span class='ocrx_word' id='word_1_90' title='bbox 793 1214 832 1293; x_wconf 94' lang='grc' dir='ltr'><strong><em>ιβ</em></strong></span> <span class='ocrx_word' id='word_1_91' title='bbox 855 1209 960 1294; x_wconf 82' lang='grc' dir='ltr'><strong><em>ἐστίν,</em></strong></span> <span class='ocrx_word' id='word_1_92' title='bbox 986 1209 1007 1293; x_wconf 80' lang='grc' dir='ltr'><strong><em>η</em></strong></span> <span class='ocrx_word' id='word_1_93' title='bbox 1031 1211 1095 1296; x_wconf 86' lang='grc' dir='ltr'><strong><em>άρα</em></strong></span> <span class='ocrx_word' id='word_1_94' title='bbox 1119 1213 1185 1274; x_wconf 89' lang='grc' dir='ltr'><strong><em>ΖΓ</em></strong></span> 
     </span>
    </p>
   </div>
   <div class='ocr_carea' id='block_1_3' title="bbox 65 1312 1223 1401">
    <p class='ocr_par' dir='ltr' id='par_1_3' title="bbox 65 1312 1223 1401">
     <span class='ocr_line' id='line_1_11' title="bbox 65 1312 1223 1401; baseline 0 -22"><span class='ocrx_word' id='word_1_95' title='bbox 65 1340 105 1382; x_wconf 80' lang='lat' dir='ltr'><strong>f01.</strong></span> <span class='ocrx_word' id='word_1_96' title='bbox 117 1343 155 1386; x_wconf 72' lang='grc' dir='ltr'><strong><em>σιτ</em></strong></span> <span class='ocrx_word' id='word_1_97' title='bbox 172 1317 262 1380; x_wconf 79' lang='grc' dir='ltr'><strong><em>ἔσται</em></strong></span> <span class='ocrx_word' id='word_1_98' title='bbox 283 1312 287 1401; x_wconf 63' lang='grc' dir='ltr'><strong><em>λ</em></strong></span> <span class='ocrx_word' id='word_1_99' title='bbox 307 1317 462 1399; x_wconf 81' lang='grc' dir='ltr'><strong><em>μονάδων</em></strong></span> <span class='ocrx_word' id='word_1_100' title='bbox 481 1336 508 1389; x_wconf 88' lang='grc' dir='ltr'><strong><em>ς.</em></strong></span> <span class='ocrx_word' id='word_1_101' title='bbox 538 1318 607 1380; x_wconf 82' lang='grc' dir='ltr'><strong><em>ἔστι</em></strong></span> <span class='ocrx_word' id='word_1_102' title='bbox 626 1312 663 1381; x_wconf 72' lang='grc' dir='ltr'><strong><em>δέ</em></strong></span> <span class='ocrx_word' id='word_1_103' title='bbox 681 1313 736 1380; x_wconf 81' lang='grc' dir='ltr'><strong><em>καὶ</em></strong></span> <span class='ocrx_word' id='word_1_104' title='bbox 749 1315 770 1399; x_wconf 79' lang='grc' dir='ltr'><em>ἡ</em></span> <span class='ocrx_word' id='word_1_105' title='bbox 784 1322 817 1380; x_wconf 90' lang='lat' dir='ltr'><em>A</em></span> <span class='ocrx_word' id='word_1_106' title='bbox 823 1320 855 1381; x_wconf 92' lang='grc' dir='ltr'><em>Γ</em></span> <span class='ocrx_word' id='word_1_107' title='bbox 868 1317 1024 1401; x_wconf 91' lang='grc' dir='ltr'><strong><em>μονάδων</em></strong></span> <span class='ocrx_word' id='word_1_108' title='bbox 1037 1337 1071 1400; x_wconf 90' lang='grc' dir='ltr'><strong><em>η·</em></strong></span> <span class='ocrx_word' id='word_1_109' title='bbox 1090 1319 1180 1382; x_wconf 78' lang='grc' dir='ltr'><strong><em>ἔσται</em></strong></span> <span class='ocrx_word' id='word_1_110' title='bbox 1195 1338 1223 1379; x_wconf 85' lang='grc' dir='ltr'><strong><em>ιο</em></strong></span> 
     </span>
    </p>
   </div>
   <div class='ocr_carea' id='block_1_4' title="bbox 170 1420 1182 1827">
    <p class='ocr_par' dir='ltr' id='par_1_4' title="bbox 170 1420 1182 1827">
     <span class='ocr_line' id='line_1_12' title="bbox 171 1420 1181 1508; baseline 0 -22"><span class='ocrx_word' id='word_1_111' title='bbox 171 1424 235 1508; x_wconf 85' lang='grc' dir='ltr'><strong><em>άρα</em></strong></span> <span class='ocrx_word' id='word_1_112' title='bbox 259 1422 279 1505; x_wconf 81' lang='grc' dir='ltr'><strong><em>η</em></strong></span> <span class='ocrx_word' id='word_1_113' title='bbox 304 1427 369 1486; x_wconf 86' lang='grc' dir='ltr'><strong><em>ΑΖ</em></strong></span> <span class='ocrx_word' id='word_1_114' title='bbox 393 1423 549 1505; x_wconf 92' lang='grc' dir='ltr'><strong><em>μονάδων</em></strong></span> <span class='ocrx_word' id='word_1_115' title='bbox 572 1424 624 1506; x_wconf 88' lang='grc' dir='ltr'><strong><em>ιδ,</em></strong></span> <span class='ocrx_word' id='word_1_116' title='bbox 652 1421 823 1488; x_wconf 79' lang='grc' dir='ltr'><strong><em>τουτέστιν</em></strong></span> <span class='ocrx_word' id='word_1_117' title='bbox 845 1422 866 1506; x_wconf 78' lang='grc' dir='ltr'><strong><em>η</em></strong></span> <span class='ocrx_word' id='word_1_118' title='bbox 889 1427 969 1506; x_wconf 80' lang='grc' dir='ltr'><strong><em>ΕΘ,</em></strong></span> <span class='ocrx_word' id='word_1_119' title='bbox 996 1423 1067 1506; x_wconf 73' lang='grc' dir='ltr'><strong><em>ἥτις</em></strong></span> <span class='ocrx_word' id='word_1_120' title='bbox 1090 1420 1181 1488; x_wconf 82' lang='grc' dir='ltr'><strong><em>ἐστὶν</em></strong></span> 
     </span>
     <span class='ocr_line' id='line_1_13' title="bbox 170 1526 1180 1614; baseline -0.002 -20"><span class='ocrx_word' id='word_1_121' title='bbox 170 1528 206 1594; x_wconf 89' lang='grc' dir='ltr'><strong><em>έκ</em></strong></span> <span class='ocrx_word' id='word_1_122' title='bbox 228 1537 288 1593; x_wconf 88' lang='grc' dir='ltr'><strong><em>τοῦ</em></strong></span> <span class='ocrx_word' id='word_1_123' title='bbox 311 1526 452 1612; x_wconf 84' lang='grc' dir='ltr'><strong><em>κέντρου</em></strong></span> <span class='ocrx_word' id='word_1_124' title='bbox 474 1535 531 1609; x_wconf 75' lang='grc' dir='ltr'><strong><em>τῆς</em></strong></span> <span class='ocrx_word' id='word_1_125' title='bbox 554 1528 680 1611; x_wconf 88' lang='grc' dir='ltr'><strong><em>βάσεως</em></strong></span> <span class='ocrx_word' id='word_1_126' title='bbox 702 1536 762 1593; x_wconf 88' lang='grc' dir='ltr'><strong><em>τοῦ</em></strong></span> <span class='ocrx_word' id='word_1_127' title='bbox 786 1527 962 1612; x_wconf 79' lang='grc' dir='ltr'><strong><em>εἰρημένου</em></strong></span> <span class='ocrx_word' id='word_1_128' title='bbox 984 1529 1180 1614; x_wconf 87' lang='grc' dir='ltr'><strong><em>κυλίνδρου·</em></strong></span> 
     </span>
     <span class='ocr_line' id='line_1_14' title="bbox 170 1631 1181 1717; baseline -0.002 -17"><span class='ocrx_word' id='word_1_129' title='bbox 170 1633 286 1712; x_wconf 78' lang='grc' dir='ltr'><strong><em>δοθεὶς</em></strong></span> <span class='ocrx_word' id='word_1_130' title='bbox 313 1635 376 1717; x_wconf 88' lang='grc' dir='ltr'><strong><em>άρα</em></strong></span> <span class='ocrx_word' id='word_1_131' title='bbox 403 1631 493 1698; x_wconf 82' lang='grc' dir='ltr'><strong><em>ἐστὶν</em></strong></span> <span class='ocrx_word' id='word_1_132' title='bbox 516 1633 534 1698; x_wconf 91' lang='grc' dir='ltr'><strong><em>δ</em></strong></span> <span class='ocrx_word' id='word_1_133' title='bbox 556 1635 690 1710; x_wconf 85' lang='grc' dir='ltr'><strong><em>κύκλος·</em></strong></span> <span class='ocrx_word' id='word_1_134' title='bbox 717 1632 879 1700; x_wconf 80' lang='grc' dir='ltr'><strong><em>ἀλλὰκαὶ</em></strong></span> <span class='ocrx_word' id='word_1_135' title='bbox 902 1635 919 1700; x_wconf 89' lang='grc' dir='ltr'><strong><em>δ</em></strong></span> <span class='ocrx_word' id='word_1_136' title='bbox 943 1633 1030 1713; x_wconf 80' lang='grc' dir='ltr'><strong><em>ἄξων</em></strong></span> <span class='ocrx_word' id='word_1_137' title='bbox 1053 1636 1181 1710; x_wconf 86' lang='grc' dir='ltr'><strong><em>δοθείς·</em></strong></span> 
     </span>
     <span class='ocr_line' id='line_1_15' title="bbox 170 1739 1182 1827; baseline -0.001 -21"><span class='ocrx_word' id='word_1_138' title='bbox 170 1744 262 1806; x_wconf 78' lang='grc' dir='ltr'><strong><em>ἔστιν</em></strong></span> <span class='ocrx_word' id='word_1_139' title='bbox 284 1742 347 1827; x_wconf 84' lang='grc' dir='ltr'><strong><em>γάρ</em></strong></span> <span class='ocrx_word' id='word_1_140' title='bbox 370 1742 527 1825; x_wconf 93' lang='grc' dir='ltr'><strong><em>μονάδων</em></strong></span> <span class='ocrx_word' id='word_1_141' title='bbox 551 1744 603 1825; x_wconf 88' lang='grc' dir='ltr'><strong><em>ιβ,</em></strong></span> <span class='ocrx_word' id='word_1_142' title='bbox 628 1739 697 1806; x_wconf 85' lang='grc' dir='ltr'><strong><em>έπεὶ</em></strong></span> <span class='ocrx_word' id='word_1_143' title='bbox 720 1739 774 1806; x_wconf 78' lang='grc' dir='ltr'><strong><em>καὶ</em></strong></span> <span class='ocrx_word' id='word_1_144' title='bbox 797 1740 818 1825; x_wconf 81' lang='grc' dir='ltr'><em>ἡ</em></span> <span class='ocrx_word' id='word_1_145' title='bbox 842 1746 934 1805; x_wconf 95' lang='grc' dir='ltr'><em>ΔΕ..</em></span> <span class='ocrx_word' id='word_1_146' title='bbox 961 1743 1044 1807; x_wconf 83' lang='grc' dir='ltr'><strong><em>ὥστε</em></strong></span> <span class='ocrx_word' id='word_1_147' title='bbox 1066 1739 1182 1818; x_wconf 79' lang='grc' dir='ltr'><strong><em>δοθεὶς</em></strong></span> 
     </span>
    </p>
   </div>
   <div class='ocr_carea' id='block_1_5' title="bbox 78 1845 1222 1934">
    <p class='ocr_par' dir='ltr' id='par_1_5' title="bbox 78 1845 1222 1934">
     <span class='ocr_line' id='line_1_16' title="bbox 78 1845 1222 1934; baseline -0.003 -22"><span class='ocrx_word' id='word_1_148' title='bbox 78 1854 80 1860; x_wconf 85' lang='grc'><strong>’</strong></span> <span class='ocrx_word' id='word_1_149' title='bbox 170 1845 225 1912; x_wconf 82' lang='grc' dir='ltr'><strong><em>καὶ</em></strong></span> <span class='ocrx_word' id='word_1_150' title='bbox 244 1848 262 1913; x_wconf 90' lang='grc' dir='ltr'><strong><em>δ</em></strong></span> <span class='ocrx_word' id='word_1_151' title='bbox 281 1847 452 1933; x_wconf 79' lang='grc' dir='ltr'><strong><em>εἰρημένος</em></strong></span> <span class='ocrx_word' id='word_1_152' title='bbox 471 1849 662 1934; x_wconf 90' lang='grc' dir='ltr'><strong><em>κύλινδρος·</em></strong></span> <span class='ocrx_word' id='word_1_153' title='bbox 680 1846 735 1913; x_wconf 84' lang='grc' dir='ltr'><strong><em>καὶ</em></strong></span> <span class='ocrx_word' id='word_1_154' title='bbox 754 1850 822 1913; x_wconf 79' lang='grc' dir='ltr'><strong><em>ἔστι</em></strong></span> <span class='ocrx_word' id='word_1_155' title='bbox 841 1849 878 1912; x_wconf 90' lang='grc' dir='ltr'><strong><em>τὸ</em></strong></span> <span class='ocrx_word' id='word_1_156' title='bbox 893 1852 926 1911; x_wconf 95' lang='grc' dir='ltr'><em>Δ</em></span> <span class='ocrx_word' id='word_1_157' title='bbox 933 1851 962 1912; x_wconf 79' lang='grc' dir='ltr'>Θ</span> <span class='ocrx_word' id='word_1_158' title='bbox 975 1850 1180 1934; x_wconf 88' lang='grc' dir='ltr'><strong><em>παραλληλό-</em></strong></span> <span class='ocrx_word' id='word_1_159' title='bbox 1195 1869 1222 1909; x_wconf 77' lang='grc' dir='ltr'><strong><em>ιι</em></strong></span> 
     </span>
    </p>
   </div>
   <div class='ocr_carea' id='block_1_6' title="bbox 46 3604 108 3620">
    <p class='ocr_par' dir='ltr' id='par_1_6' title="bbox 46 3604 108 3620">
     <span class='ocr_line' id='line_1_17' title="bbox 46 3604 108 3620; baseline 0.032 -2"><span class='ocrx_word' id='word_1_160' title='bbox 46 3604 108 3620; x_wconf 52' lang='grc' dir='ltr'><strong>Α</strong></span> 
     </span>
    </p>
   </div>
   <div class='ocr_carea' id='block_1_7' title="bbox 170 1951 1181 2253">
    <p class='ocr_par' dir='ltr' id='par_1_7' title="bbox 170 1951 1181 2253">
     <span class='ocr_line' id='line_1_18' title="bbox 170 1951 1180 2039; baseline 0.001 -22"><span class='ocrx_word' id='word_1_161' title='bbox 170 1977 323 2039; x_wconf 77' lang='grc' dir='ltr'><strong><em>γραμμον</em></strong></span> <span class='ocrx_word' id='word_1_162' title='bbox 341 1953 501 2038; x_wconf 86' lang='grc' dir='ltr'><strong><em>&lt;δοθέν&gt;·</em></strong></span> <span class='ocrx_word' id='word_1_163' title='bbox 525 1953 680 2020; x_wconf 77' lang='grc' dir='ltr'><strong><em>ὥστεκαὶ</em></strong></span> <span class='ocrx_word' id='word_1_164' title='bbox 699 1955 736 2019; x_wconf 87' lang='grc' dir='ltr'><strong><em>τὸ</em></strong></span> <span class='ocrx_word' id='word_1_165' title='bbox 754 1954 856 2038; x_wconf 77' lang='grc' dir='ltr'><strong><em>ἥμισυ</em></strong></span> <span class='ocrx_word' id='word_1_166' title='bbox 875 1954 987 2019; x_wconf 85' lang='grc' dir='ltr'><strong><em>αύτού.</em></strong></span> <span class='ocrx_word' id='word_1_167' title='bbox 1024 1954 1107 2019; x_wconf 89' lang='grc' dir='ltr'><strong><em>άλλδι</em></strong></span> <span class='ocrx_word' id='word_1_168' title='bbox 1125 1951 1180 2018; x_wconf 84' lang='grc' dir='ltr'><strong><em>καὶ</em></strong></span> 
     </span>
     <span class='ocr_line' id='line_1_19' title="bbox 171 2059 1181 2147; baseline 0.001 -23"><span class='ocrx_word' id='word_1_169' title='bbox 171 2059 189 2125; x_wconf 89' lang='grc' dir='ltr'><strong><em>δ</em></strong></span> <span class='ocrx_word' id='word_1_170' title='bbox 206 2063 343 2125; x_wconf 87' lang='grc' dir='ltr'><em>ΒΓΔΕ</em></span> <span class='ocrx_word' id='word_1_171' title='bbox 359 2063 491 2138; x_wconf 86' lang='grc' dir='ltr'><strong><em>κύκλος·</em></strong></span> <span class='ocrx_word' id='word_1_172' title='bbox 511 2063 650 2128; x_wconf 79' lang='grc' dir='ltr'><strong><em>δοθεῖσα</em></strong></span> <span class='ocrx_word' id='word_1_173' title='bbox 668 2063 732 2147; x_wconf 78' lang='grc' dir='ltr'><strong><em>γάρ</em></strong></span> <span class='ocrx_word' id='word_1_174' title='bbox 750 2061 771 2145; x_wconf 81' lang='grc' dir='ltr'><strong><em>η</em></strong></span> <span class='ocrx_word' id='word_1_175' title='bbox 787 2064 848 2126; x_wconf 89' lang='grc' dir='ltr'><strong><em>ΓΒ</em></strong></span> <span class='ocrx_word' id='word_1_176' title='bbox 867 2062 1050 2146; x_wconf 87' lang='grc' dir='ltr'><strong><em>διάμετρος.</em></strong></span> <span class='ocrx_word' id='word_1_177' title='bbox 1081 2063 1181 2143; x_wconf 84' lang='grc' dir='ltr'><strong><em>λόγος</em></strong></span> 
     </span>
     <span class='ocr_line' id='line_1_20' title="bbox 171 2167 1181 2253; baseline 0.001 -23"><span class='ocrx_word' id='word_1_178' title='bbox 171 2167 234 2249; x_wconf 77' lang='grc' dir='ltr'><strong><em>ἄρα</em></strong></span> <span class='ocrx_word' id='word_1_179' title='bbox 257 2177 317 2232; x_wconf 88' lang='grc' dir='ltr'><strong><em>τοῦ</em></strong></span> <span class='ocrx_word' id='word_1_180' title='bbox 336 2171 474 2233; x_wconf 87' lang='grc' dir='ltr'><em>ΒΓΔΕ</em></span> <span class='ocrx_word' id='word_1_181' title='bbox 492 2167 618 2232; x_wconf 91' lang='grc' dir='ltr'><strong><em>κύκλου</em></strong></span> <span class='ocrx_word' id='word_1_182' title='bbox 640 2169 723 2253; x_wconf 88' lang='grc' dir='ltr'><strong><em>πρὸς</em></strong></span> <span class='ocrx_word' id='word_1_183' title='bbox 743 2167 780 2232; x_wconf 93' lang='grc' dir='ltr'><strong><em>τὸ</em></strong></span> <span class='ocrx_word' id='word_1_184' title='bbox 799 2171 869 2231; x_wconf 85' lang='grc' dir='ltr'><strong><em>ΔΘ</em></strong></span> <span class='ocrx_word' id='word_1_185' title='bbox 886 2170 1181 2253; x_wconf 84' lang='grc' dir='ltr'><strong><em>παραλληλόγραμ·</em></strong></span> 
     </span>
    </p>
   </div>
   <div class='ocr_carea' id='block_1_8' title="bbox 171 2272 1316 2360">
    <p class='ocr_par' dir='ltr' id='par_1_8' title="bbox 171 2272 1316 2360">
     <span class='ocr_line' id='line_1_21' title="bbox 171 2272 1316 2360; baseline -0.001 -22"><span class='ocrx_word' id='word_1_186' title='bbox 171 2296 236 2357; x_wconf 91' lang='grc' dir='ltr'><strong><em>μον</em></strong></span> <span class='ocrx_word' id='word_1_187' title='bbox 258 2275 386 2350; x_wconf 84' lang='grc' dir='ltr'><strong><em>δοθείς·</em></strong></span> <span class='ocrx_word' id='word_1_188' title='bbox 410 2275 493 2340; x_wconf 80' lang='grc' dir='ltr'><strong><em>ὥστε</em></strong></span> <span class='ocrx_word' id='word_1_189' title='bbox 515 2272 570 2338; x_wconf 83' lang='grc' dir='ltr'><strong><em>καὶ</em></strong></span> <span class='ocrx_word' id='word_1_190' title='bbox 591 2283 648 2357; x_wconf 81' lang='grc' dir='ltr'><strong><em>τῆς</em></strong></span> <span class='ocrx_word' id='word_1_191' title='bbox 667 2277 802 2360; x_wconf 84' lang='grc' dir='ltr'><strong><em>σπείρας</em></strong></span> <span class='ocrx_word' id='word_1_192' title='bbox 820 2274 903 2359; x_wconf 90' lang='grc' dir='ltr'><strong><em>πρὸς</em></strong></span> <span class='ocrx_word' id='word_1_193' title='bbox 921 2274 980 2338; x_wconf 87' lang='grc' dir='ltr'><strong><em>τὸν</em></strong></span> <span class='ocrx_word' id='word_1_194' title='bbox 997 2273 1181 2358; x_wconf 92' lang='grc' dir='ltr'><strong><em>κύλινδρον</em></strong></span> <span class='ocrx_word' id='word_1_195' title='bbox 1315 2349 1316 2358; x_wconf 29' lang='grc'><strong><em>,</em></strong></span> 
     </span>
    </p>
   </div>
   <div class='ocr_carea' id='block_1_9' title="bbox 171 2375 1223 3431">
    <p class='ocr_par' dir='ltr' id='par_1_9' title="bbox 171 2375 1223 3431">
     <span class='ocr_line' id='line_1_22' title="bbox 171 2375 1223 2463; baseline -0.006 -17"><span class='ocrx_word' id='word_1_196' title='bbox 171 2382 269 2463; x_wconf 84' lang='grc' dir='ltr'><strong><em>λόγος</em></strong></span> <span class='ocrx_word' id='word_1_197' title='bbox 288 2383 356 2446; x_wconf 87' lang='grc' dir='ltr'><strong><em>έστι</em></strong></span> <span class='ocrx_word' id='word_1_198' title='bbox 376 2382 498 2456; x_wconf 86' lang='grc' dir='ltr'><strong><em>δοθείς.</em></strong></span> <span class='ocrx_word' id='word_1_199' title='bbox 534 2376 590 2444; x_wconf 82' lang='grc' dir='ltr'><strong><em>καὶ</em></strong></span> <span class='ocrx_word' id='word_1_200' title='bbox 609 2381 677 2444; x_wconf 80' lang='grc' dir='ltr'><strong><em>ἔστι</em></strong></span> <span class='ocrx_word' id='word_1_201' title='bbox 696 2380 811 2455; x_wconf 87' lang='grc' dir='ltr'><strong><em>δοθείς</em></strong></span> <span class='ocrx_word' id='word_1_202' title='bbox 830 2379 1052 2463; x_wconf 88' lang='grc' dir='ltr'><strong><em>δκύλινδρος·</em></strong></span> <span class='ocrx_word' id='word_1_203' title='bbox 1076 2375 1180 2444; x_wconf 73' lang='grc' dir='ltr'><strong><em>δοθὲν</em></strong></span> <span class='ocrx_word' id='word_1_204' title='bbox 1195 2401 1223 2441; x_wconf 82' lang='grc' dir='ltr'><strong><em>ιο</em></strong></span> 
     </span>
     <span class='ocr_line' id='line_1_23' title="bbox 172 2485 1179 2572; baseline 0 -22"><span class='ocrx_word' id='word_1_205' title='bbox 172 2488 236 2572; x_wconf 85' lang='grc' dir='ltr'><strong><em>άρα</em></strong></span> <span class='ocrx_word' id='word_1_206' title='bbox 267 2485 322 2552; x_wconf 82' lang='grc' dir='ltr'><strong><em>καὶ</em></strong></span> <span class='ocrx_word' id='word_1_207' title='bbox 354 2488 391 2552; x_wconf 87' lang='grc' dir='ltr'><strong><em>τὸ</em></strong></span> <span class='ocrx_word' id='word_1_208' title='bbox 424 2486 558 2572; x_wconf 84' lang='grc' dir='ltr'><strong><em>στερεὸν</em></strong></span> <span class='ocrx_word' id='word_1_209' title='bbox 588 2495 646 2569; x_wconf 80' lang='grc' dir='ltr'><strong><em>της</em></strong></span> <span class='ocrx_word' id='word_1_210' title='bbox 678 2489 822 2571; x_wconf 87' lang='grc' dir='ltr'><strong><em>σπείρας.</em></strong></span> <span class='ocrx_word' id='word_1_211' title='bbox 873 2487 1110 2569; x_wconf 80' lang='grc' dir='ltr'><strong><em>συντεθησεται</em></strong></span> <span class='ocrx_word' id='word_1_212' title='bbox 1138 2486 1179 2568; x_wconf 86' lang='grc' dir='ltr'><strong><em>δὴ</em></strong></span> 
     </span>
     <span class='ocr_line' id='line_1_24' title="bbox 171 2591 1181 2678; baseline -0.002 -21"><span class='ocrx_word' id='word_1_213' title='bbox 171 2592 365 2668; x_wconf 90' lang='grc' dir='ltr'><strong><em>άκολούθως</em></strong></span> <span class='ocrx_word' id='word_1_214' title='bbox 393 2603 432 2678; x_wconf 75' lang='grc' dir='ltr'><strong><em>τῇ</em></strong></span> <span class='ocrx_word' id='word_1_215' title='bbox 459 2591 617 2658; x_wconf 86' lang='grc' dir='ltr'><strong><em>άναλύσει</em></strong></span> <span class='ocrx_word' id='word_1_216' title='bbox 640 2591 753 2667; x_wconf 83' lang='grc' dir='ltr'><strong><em>οὕτως.</em></strong></span> <span class='ocrx_word' id='word_1_217' title='bbox 800 2593 901 2676; x_wconf 87' lang='grc' dir='ltr'><strong><em>άῳελε</em></strong></span> <span class='ocrx_word' id='word_1_218' title='bbox 923 2591 987 2658; x_wconf 86' lang='grc' dir='ltr'><strong><em>άπὸ</em></strong></span> <span class='ocrx_word' id='word_1_219' title='bbox 1009 2602 1077 2657; x_wconf 81' lang='grc' dir='ltr'><strong><em>τῶν</em></strong></span> <span class='ocrx_word' id='word_1_220' title='bbox 1098 2617 1118 2656; x_wconf 93' lang='grc' dir='ltr'><strong><em>κ</em></strong></span> <span class='ocrx_word' id='word_1_221' title='bbox 1140 2594 1181 2656; x_wconf 82' lang='grc' dir='ltr'><strong><em>τά</em></strong></span> 
     </span>
     <span class='ocr_line' id='line_1_25' title="bbox 172 2695 1180 2784; baseline -0.002 -20"><span class='ocrx_word' id='word_1_222' title='bbox 172 2701 264 2783; x_wconf 85' lang='grc' dir='ltr'><strong><em>&lt;ι&gt;β·</em></strong></span> <span class='ocrx_word' id='word_1_223' title='bbox 292 2701 392 2764; x_wconf 88' lang='grc' dir='ltr'><strong><em>λοιπδι</em></strong></span> <span class='ocrx_word' id='word_1_224' title='bbox 419 2723 448 2782; x_wconf 95' lang='grc' dir='ltr'><strong><em>η.</em></strong></span> <span class='ocrx_word' id='word_1_225' title='bbox 494 2695 548 2763; x_wconf 85' lang='grc' dir='ltr'><strong><em>καὶ</em></strong></span> <span class='ocrx_word' id='word_1_226' title='bbox 575 2701 722 2784; x_wconf 89' lang='grc' dir='ltr'><strong><em>πρόσθες</em></strong></span> <span class='ocrx_word' id='word_1_227' title='bbox 746 2699 786 2763; x_wconf 88' lang='grc' dir='ltr'><strong><em>τδι</em></strong></span> <span class='ocrx_word' id='word_1_228' title='bbox 808 2717 841 2763; x_wconf 91' lang='grc' dir='ltr'><strong><em>κ·</em></strong></span> <span class='ocrx_word' id='word_1_229' title='bbox 870 2702 1017 2781; x_wconf 80' lang='grc' dir='ltr'><strong><em>γίγνεται</em></strong></span> <span class='ocrx_word' id='word_1_230' title='bbox 1040 2718 1098 2782; x_wconf 95' lang='grc' dir='ltr'><strong><em>κη·</em></strong></span> <span class='ocrx_word' id='word_1_231' title='bbox 1125 2696 1180 2762; x_wconf 81' lang='grc' dir='ltr'><strong><em>καὶ</em></strong></span> 
     </span>
     <span class='ocr_line' id='line_1_26' title="bbox 171 2801 1181 2892; baseline 0 -22"><span class='ocrx_word' id='word_1_232' title='bbox 171 2804 335 2892; x_wconf 85' lang='grc' dir='ltr'><strong><em>μέτρησον</em></strong></span> <span class='ocrx_word' id='word_1_233' title='bbox 361 2806 557 2892; x_wconf 91' lang='grc' dir='ltr'><strong><em>κύλινδρον,</em></strong></span> <span class='ocrx_word' id='word_1_234' title='bbox 585 2801 626 2872; x_wconf 88' lang='grc' dir='ltr'><strong><em>οὗ</em></strong></span> <span class='ocrx_word' id='word_1_235' title='bbox 651 2804 671 2888; x_wconf 75' lang='grc' dir='ltr'><strong><em>ἡ</em></strong></span> <span class='ocrx_word' id='word_1_236' title='bbox 694 2802 756 2890; x_wconf 74' lang='grc' dir='ltr'><strong><em>μὲν</em></strong></span> <span class='ocrx_word' id='word_1_237' title='bbox 778 2806 952 2892; x_wconf 86' lang='grc' dir='ltr'><strong><em>διάμετρος</em></strong></span> <span class='ocrx_word' id='word_1_238' title='bbox 975 2814 1033 2890; x_wconf 81' lang='grc' dir='ltr'><strong><em>τῆς</em></strong></span> <span class='ocrx_word' id='word_1_239' title='bbox 1055 2806 1181 2890; x_wconf 83' lang='grc' dir='ltr'><strong><em>βάσεώς</em></strong></span> 
     </span>
     <span class='ocr_line' id='line_1_27' title="bbox 172 2908 1222 2997; baseline 0 -20"><span class='ocrx_word' id='word_1_240' title='bbox 172 2910 241 2977; x_wconf 78' lang='grc' dir='ltr'><strong><em>ἐστι</em></strong></span> <span class='ocrx_word' id='word_1_241' title='bbox 272 2913 429 2996; x_wconf 88' lang='grc' dir='ltr'><strong><em>μονάδων</em></strong></span> <span class='ocrx_word' id='word_1_242' title='bbox 459 2937 520 2996; x_wconf 91' lang='grc' dir='ltr'><strong><em>κη,</em></strong></span> <span class='ocrx_word' id='word_1_243' title='bbox 547 2913 583 2978; x_wconf 88' lang='grc' dir='ltr'><strong><em>τὸ</em></strong></span> <span class='ocrx_word' id='word_1_244' title='bbox 616 2908 653 2976; x_wconf 73' lang='grc' dir='ltr'><strong><em>δέ</em></strong></span> <span class='ocrx_word' id='word_1_245' title='bbox 684 2912 768 2991; x_wconf 79' lang='grc' dir='ltr'><strong><em>ὕψος</em></strong></span> <span class='ocrx_word' id='word_1_246' title='bbox 796 2916 849 2997; x_wconf 91' lang='grc' dir='ltr'><strong><em>ιβ·</em></strong></span> <span class='ocrx_word' id='word_1_247' title='bbox 881 2911 936 2978; x_wconf 80' lang='grc' dir='ltr'><strong><em>καὶ</em></strong></span> <span class='ocrx_word' id='word_1_248' title='bbox 965 2916 1112 2996; x_wconf 78' lang='grc' dir='ltr'><strong><em>γίγνεται</em></strong></span> <span class='ocrx_word' id='word_1_249' title='bbox 1142 2913 1179 2977; x_wconf 90' lang='grc' dir='ltr'><strong><em>τὸ</em></strong></span> <span class='ocrx_word' id='word_1_250' title='bbox 1195 2932 1222 2972; x_wconf 73' lang='lat'><strong><em>2⁵</em></strong></span> 
     </span>
     <span class='ocr_line' id='line_1_28' title="bbox 173 3015 1181 3105; baseline 0.002 -23"><span class='ocrx_word' id='word_1_251' title='bbox 173 3019 307 3103; x_wconf 88' lang='grc' dir='ltr'><strong><em>στερεὸν</em></strong></span> <span class='ocrx_word' id='word_1_252' title='bbox 339 3019 442 3085; x_wconf 87' lang='grc' dir='ltr'><strong><em>αύτοῦ</em></strong></span> <span class='ocrx_word' id='word_1_253' title='bbox 470 3022 571 3105; x_wconf 58' lang='grc' dir='ltr'><strong><em>,ζτοβ</em></strong></span> <span class='ocrx_word' id='word_1_254' title='bbox 599 3016 654 3083; x_wconf 82' lang='grc' dir='ltr'><strong><em>καὶ</em></strong></span> <span class='ocrx_word' id='word_1_255' title='bbox 681 3016 844 3105; x_wconf 89' lang='grc' dir='ltr'><strong><em>μέτρησον</em></strong></span> <span class='ocrx_word' id='word_1_256' title='bbox 870 3020 1008 3104; x_wconf 87' lang='grc' dir='ltr'><strong><em>κύκλον,</em></strong></span> <span class='ocrx_word' id='word_1_257' title='bbox 1041 3015 1081 3084; x_wconf 89' lang='grc' dir='ltr'><strong><em>ού</em></strong></span> <span class='ocrx_word' id='word_1_258' title='bbox 1109 3019 1181 3084; x_wconf 93' lang='grc' dir='ltr'><strong><em>διά-</em></strong></span> 
     </span>
     <span class='ocr_line' id='line_1_29' title="bbox 171 3122 1180 3209; baseline 0.003 -22"><span class='ocrx_word' id='word_1_259' title='bbox 171 3126 289 3209; x_wconf 87' lang='grc' dir='ltr'><strong><em>μετρός</em></strong></span> <span class='ocrx_word' id='word_1_260' title='bbox 317 3122 385 3188; x_wconf 92' lang='grc' dir='ltr'><strong><em>έστι</em></strong></span> <span class='ocrx_word' id='word_1_261' title='bbox 408 3125 564 3208; x_wconf 88' lang='grc' dir='ltr'><strong><em>μονάδων</em></strong></span> <span class='ocrx_word' id='word_1_262' title='bbox 588 3128 640 3209; x_wconf 91' lang='grc' dir='ltr'><strong><em>ιβ·</em></strong></span> <span class='ocrx_word' id='word_1_263' title='bbox 667 3128 814 3208; x_wconf 80' lang='grc' dir='ltr'><strong><em>γίγνεται</em></strong></span> <span class='ocrx_word' id='word_1_264' title='bbox 837 3126 874 3190; x_wconf 88' lang='grc' dir='ltr'><strong><em>τὸ</em></strong></span> <span class='ocrx_word' id='word_1_265' title='bbox 899 3125 1043 3209; x_wconf 91' lang='grc' dir='ltr'><strong><em>έμβαδὸν</em></strong></span> <span class='ocrx_word' id='word_1_266' title='bbox 1066 3125 1180 3209; x_wconf 86' lang='grc' dir='ltr'><strong><em>αὐτοῦ,</em></strong></span> 
     </span>
     <span class='ocr_line' id='line_1_30' title="bbox 171 3227 1178 3317; baseline 0.001 -23"><span class='ocrx_word' id='word_1_267' title='bbox 171 3229 284 3306; x_wconf 82' lang='grc' dir='ltr'><strong><em>καθὼς</em></strong></span> <span class='ocrx_word' id='word_1_268' title='bbox 311 3228 488 3314; x_wconf 82' lang='grc' dir='ltr'><strong><em>ἐμάθομεν,</em></strong></span> <span class='ocrx_word' id='word_1_269' title='bbox 517 3255 572 3317; x_wconf 80' lang='grc' dir='ltr'><strong><em>ριγ</em></strong></span> <span class='ocrx_word' id='word_1_270' title='bbox 587 3228 624 3311; x_wconf 81' lang='grc' dir='ltr'><strong><em>ζ’·</em></strong></span> <span class='ocrx_word' id='word_1_271' title='bbox 651 3228 706 3295; x_wconf 81' lang='grc' dir='ltr'><strong><em>καὶ</em></strong></span> <span class='ocrx_word' id='word_1_272' title='bbox 733 3227 813 3315; x_wconf 73' lang='grc' dir='ltr'><strong><em>λαβὲ</em></strong></span> <span class='ocrx_word' id='word_1_273' title='bbox 839 3243 906 3296; x_wconf 84' lang='grc' dir='ltr'><strong><em>τῶν</em></strong></span> <span class='ocrx_word' id='word_1_274' title='bbox 933 3256 977 3317; x_wconf 93' lang='grc' dir='ltr'><strong><em>κη</em></strong></span> <span class='ocrx_word' id='word_1_275' title='bbox 1005 3233 1042 3297; x_wconf 87' lang='grc' dir='ltr'><strong><em>τὸ</em></strong></span> <span class='ocrx_word' id='word_1_276' title='bbox 1065 3233 1178 3315; x_wconf 67' lang='grc' dir='ltr'><strong><em>ἥμισυ·</em></strong></span> 
     </span>
     <span class='ocr_line' id='line_1_31' title="bbox 171 3335 1180 3431; baseline 0.005 -32"><span class='ocrx_word' id='word_1_277' title='bbox 171 3340 318 3419; x_wconf 76' lang='grc' dir='ltr'><strong><em>γίγνεται</em></strong></span> <span class='ocrx_word' id='word_1_278' title='bbox 356 3337 402 3402; x_wconf 91' lang='grc' dir='ltr'><strong><em>ιδ.</em></strong></span> <span class='ocrx_word' id='word_1_279' title='bbox 457 3335 510 3402; x_wconf 78' lang='grc' dir='ltr'><strong><em>ἐπὶ</em></strong></span> <span class='ocrx_word' id='word_1_280' title='bbox 546 3339 583 3402; x_wconf 91' lang='grc' dir='ltr'><strong><em>τὸ</em></strong></span> <span class='ocrx_word' id='word_1_281' title='bbox 618 3337 730 3431; x_wconf 72' lang='grc' dir='ltr'><strong><em>ἥμισυ</em></strong></span> <span class='ocrx_word' id='word_1_282' title='bbox 751 3347 818 3401; x_wconf 84' lang='grc' dir='ltr'><strong><em>τῶν</em></strong></span> <span class='ocrx_word' id='word_1_283' title='bbox 850 3339 901 3420; x_wconf 88' lang='grc' dir='ltr'><strong><em>ιβ·</em></strong></span> <span class='ocrx_word' id='word_1_284' title='bbox 935 3341 1086 3421; x_wconf 73' lang='grc' dir='ltr'><strong><em>Ιγίγνεται</em></strong></span> <span class='ocrx_word' id='word_1_285' title='bbox 1117 3340 1180 3403; x_wconf 89' lang='grc' dir='ltr'><strong><em>πδ·</em></strong></span> 
     </span>
    </p>
   </div>
   <div class='ocr_carea' id='block_1_10' title="bbox 243 3563 919 3637">
    <p class='ocr_par' dir='ltr' id='par_1_10' title="bbox 243 3563 919 3637">
     <span class='ocr_line' id='line_1_32' title="bbox 243 3563 919 3637; baseline 0 -18"><span class='ocrx_word' id='word_1_286' title='bbox 243 3571 276 3619; x_wconf 84' lang='grc'><strong><em>13</em></strong></span> <span class='ocrx_word' id='word_1_287' title='bbox 296 3565 454 3637; x_wconf 76' lang='grc' dir='ltr'><strong><em>κίλινδροςι</em></strong></span> <span class='ocrx_word' id='word_1_288' title='bbox 474 3583 542 3621; x_wconf 84' lang='lat' dir='ltr'><strong>corr.</strong></span> <span class='ocrx_word' id='word_1_289' title='bbox 562 3565 686 3635; x_wconf 80' lang='lat' dir='ltr'>Heiberg</span> <span class='ocrx_word' id='word_1_290' title='bbox 740 3570 772 3619; x_wconf 83' lang='lat'><strong><em>16</em></strong></span> <span class='ocrx_word' id='word_1_291' title='bbox 792 3563 919 3635; x_wconf 81' lang='lat' dir='ltr'>supplevi</span> 
     </span>
    </p>
   </div>
   <div class='ocr_carea' id='block_1_11' title="bbox 0 0 1326 3870">
    <p class='ocr_par' dir='ltr' id='par_1_11' title="bbox 0 0 1326 3870">
     <span class='ocr_line' id='line_1_33' title="bbox 0 0 1326 3870; baseline 0 0"><span class='ocrx_word' id='word_1_292' title='bbox 0 0 1326 3870; x_wconf 95' lang='lat' dir='ltr'><strong><em> </em></strong></span> 
     </span>
    </p>
   </div>
  </div>
 </body>
</html>
