2654 3868
164 165 230 231 280
299 167 449 220 ΗΡΩΝΟΣ
467 163 733 225 ΑΔΕΞΑΝΔΡΕΩΣ
751 167 838 219 ΠΕΡΙ
855 168 1039 219 ΔΙΟΠΤΡΑΣ

163 349 198 393 υ·
222 331 348 411 γίνεται
372 346 460 414 αυμ·
483 325 537 392 καὶ
559 329 760 414 παραβάλλω
778 329 867 413 παρά
885 329 947 393 τὸν
969 352 1024 411 κα,
1047 331 1175 410 γίνεται

164 434 202 518 ξη
226 441 246 510 L
271 431 331 499 ιδ’·
358 431 413 499 καλ
436 435 564 578 τζρύτων
587 436 713 521 πλευρά
736 434 1002 521 τετραγωνικὴγ
1004 437 1108 500 ίνεται
1130 435 1176 578 ώζς

162 587 298 668 ἔγγιστα
320 609 340 668 η
363 583 418 658 καὶ
444 589 478 670 β·
507 588 597 650 ἔσται
624 580 687 650 οὑν
713 585 734 669 ἡ
762 589 801 650 Η
802 588 833 650 Λ
860 597 987 672 μοιρῶν
1012 610 1033 669 η
1059 583 1115 651 καὶ
1142 588 1176 670 β,

161 685 212 756 ών
233 689 254 774 ἡ
279 694 352 755 HK
372 702 554 776 μοιρῶνς
579 692 721 775 λοιπὴ”
700 716 765 778 αριι
786 691 807 775 ἡ
831 695 866 756 Κ
869 695 900 756 Λ
926 704 1054 779 μοιρῶν
1075 696 1097 777 β
1118 689 1203 829 „oca-2

164 774 198 917 ὑ·
223 831 296 898 ὥστ’
321 831 379 898 ἐδιν
402 833 466 898 άπὸ
486 843 542 918 τῆς
560 833 706 899 καθέτου
723 833 836 918 άφέλω
855 837 972 921 μοίρας
991 835 1053 900 δύο
1070 859 1112 899 κα
1113 775 1224 919 2335

161 919 219 1005 καὶ
245 919 503 1024 παράλληλον’
486 941 613 1024 αγάγω,
641 942 732 1006 ἔσται
758 941 796 1005 τὸ
825 939 1073 1027 ἀφαιρούμενον
1100 964 1178 1027 τρα

164 1044 275 1125 πέζιον
297 1058 425 1131 μοιρῶν
448 1054 494 1111 ιθ.
557 1065 559 1070 ’

230 1160 285 1218 κθ.
317 1154 491 1239 Τριγώνου
520 1155 616 1230 ὄντος
632 1161 699 1218 τοῦ
723 1155 837 1236 ΑΒΓ,
866 1150 921 1217 καὶ
948 1149 1093 1219 καθέτου
1120 1163 1178 1238 τῆς
1209 1177 1211 1182 ’

164 1265 197 1354 Α
201 1264 235 1323 Δ
253 1261 426 1343 διαγαγεῖν
444 1262 505 1344 τὴν
522 1264 592 1324 ΑΕ
609 1259 911 1345 ἀπολαμβάνουσαν
928 1260 965 1323 τὸ
985 1264 1088 1324 ΑΒΕ
1106 1265 1178 1347 ’τρῖ-

165 1365 276 1448 γωνον
299 1365 411 1431 δοθέν.
435 1365 607 1449 γεγονέτω.
644 1363 749 1432 δοθὲν
767 1361 829 1431 οὑν
850 1363 904 1430 καὶ
923 1367 960 1430 τὸ
978 1366 1043 1432 ὑπὸ
1063 1372 1177 1432 ΑΒΕ·
1192 1384 1222 1424 10

166 1469 270 1538 δοθὲν
298 1474 361 1557 άρα
388 1473 425 1538 τὸ
454 1477 491 1536 Ε.
538 1473 619 1537 ἔστω
649 1467 712 1538 οὑν
738 1473 758 1556 ἡ
787 1477 857 1536 ΑΔ
883 1473 1024 1549 κάθετος
1050 1485 1179 1559 μοιρῶν

71 1627 94 1666 p,
108 1617 147 1657 236
168 1599 200 1653 ς·
222 1581 259 1645 τὸ
283 1575 320 1644 δέ
347 1578 597 1664 ἀφαιρούμενον
623 1582 788 1666 τρίγωνον
815 1589 942 1664 μοιρῶν
969 1602 1017 1662 με.
1063 1579 1115 1657 δὶς
1137 1582 1178 1646 τδι

166 1710 206 1771 με
234 1690 385 1769 γίνονται
409 1717 435 1771 q.
472 1686 672 1772 παραβάλλω
699 1687 790 1773 παρά
816 1686 876 1750 τὸν
904 1705 937 1769 ς,
966 1688 1117 1767 γίνονται
1140 1710 1177 1752 ιε.

166 1791 385 1877 <άπειλήφθω
413 1787 476 1858 οὑν
502 1792 523 1877 ἡ
547 1796 613 1856 ΒΕ
636 1803 764 1877 μοιρῶν
787 1793 837 1877 ιε>
863 1789 918 1856 καλ
946 1791 1129 1876 ἐπεζεύχθω
1156 1793 1177 1877 ἡ

166 1904 241 1965 ΑΕ.
273 1903 363 1965 ἔσται
386 1900 428 1983 δὴ
450 1900 487 1964 τὸ
510 1903 615 1963 ΑΒΕ
634 1903 799 1986 τρίγωνον
820 1909 948 1985 μοιρῶν
970 1921 1017 1983 με.
1193 1916 1221 1957 1⁵

232 2010 260 2072 λ.
303 2007 476 2092 Τριγώνου
508 2007 675 2071 δοθεισῶν
708 2016 775 2070 τῶν
808 2010 962 2090 πλευρῶν
999 2005 1109 2092 εὑρεῖν
1139 2005 1177 2070 τδ

167 2112 319 2196 ἔμβαδύν.
365 2112 510 2177 δυνατὸν
537 2107 598 2196 μὲν
628 2106 690 2177 οὑν
717 2109 808 2176 ἐστὶν
830 2112 998 2195 ἀγαγόντα
1019 2115 1100 2196 μίαν
1121 2112 1178 2176 κά-

162 2226 268 2284 ·θετον
292 2216 347 2283 καὶ
370 2219 595 2304 πορισάμενον
625 2217 726 2301 αὐτῆς
750 2219 787 2282 τὸ
815 2216 958 2302 μέγεθος
985 2217 1096 2304 εὑρεῖν
1117 2226 1179 2283 τοῦ

166 2325 333 2409 τριγώνου
351 2325 388 2389 τὸ
409 2324 567 2409 ἔμβαδύν·
588 2321 666 2389 δέον
684 2320 721 2389 δέ
740 2326 821 2389 ἔστω
840 2322 941 2411 χωρὶς
959 2333 1016 2408 τῆς
1034 2322 1179 2390 καθέτου

167 2432 203 2496 τὸ
228 2429 372 2515 ἐμβαδὸν
392 2431 605 2517 πορίσασθαι
642 2432 734 2500 Ιἔστω
757 2431 795 2495 τὸ
826 2426 930 2496 δοθέν
954 2434 1119 2517 τρίγωνον
1140 2431 1177 2514 τὸ
1192 2447 1220 2498 20

166 2539 277 2620 ΑΒΓ,
300 2534 354 2601 καὶ
378 2538 460 2601 ἔστω
491 2534 609 2620 ἑκάστη
632 2548 699 2602 τῶν
716 2541 871 2624 πλευρῶν
891 2537 1044 2602 δοθεῖσα·
1068 2536 1179 2624 εὑρεῖν

167 2645 203 2710 τὸ
228 2643 381 2728 ἐμβαδόν.
427 2642 646 2729 ἐγγεγράφθω
669 2640 707 2709 δὲ
735 2644 782 2720 ελς
808 2644 846 2708 τὸ
869 2647 1034 2728 τρίγωνον
1055 2643 1176 2719 κύκλος

168 2751 318 2834 δΔΕΖ,
342 2745 382 2816 οὑ
405 2748 544 2836 κέντρον
567 2753 649 2815 ἔστω
673 2751 710 2815 τὸ
730 2754 776 2814 Η·
799 2747 854 2816 καὶ
876 2749 1126 2834 ἐπεζεύχθωσαν
1144 2750 1178 2814 αλ

168 2860 249 2940 ΗΑ,
273 2859 351 2940 ΗΒ,
376 2858 453 2939 ΗΓ,
478 2859 559 2940 ΗΔ,
583 2859 661 2940 ΗΕ,
685 2859 761 2920 ΗΖ.
798 2857 835 2920 τὸ
854 2852 916 2940 μὲν
934 2857 998 2943 άρα
1020 2856 1085 2922 ὑπὸ
1105 2859 1178 2932 ΒΓ,

168 2967 239 3041 ΗΕ
264 2963 441 3029 διπλάσιόν
469 2960 538 3028 ἐστι
565 2972 626 3028 τοῦ
651 2964 758 3027 ΒΗΓ
780 2964 961 3048 τριγώνου,
988 2963 1025 3028 τὸ
1053 2959 1091 3028 δέ
1113 2962 1179 3029 ὑπὸ
1192 2952 1218 3020 ω

167 3051 244 3154 ΑΒ,
270 3072 340 3134 ΗΛ
359 3077 422 3135 τοι
445 3072 560 3152 ΑΗΒ,
583 3070 620 3134 ιι
647 3065 684 3135 οι
706 3068 771 3134 ὑπὸ
794 3071 869 3153 ΑΓ,
893 3073 961 3134 ΗΖ
983 3078 1043 3136 τοι
1067 3071 1179 3134 ΑΓΗ.

168 3178 205 3241 τὸ
229 3171 291 3242 οὑν
318 3176 383 3241 ὑπὸ
411 3185 468 3260 τῆς
495 3174 694 3263 περιμέτρου
720 3185 781 3241 τοῦ
809 3178 915 3241 ΑΒΓ
938 3177 1104 3263 τριγώνου
1126 3172 1180 3240 καὶ

241 3395 371 3464 θηκαλ
389 3334 410 3449 Β
431 3395 490 3468 (sic)
559 3416 631 3465 ηκα
614 3333 797 3466 αληΒ(εἰυ)
865 3372 1211 3458 8ὅντοςι1.δυθε’ντοςμ’
1291 3453 1295 3464 ,

206 3474 239 3522 13
253 3476 308 3522 τῶν
323 3485 340 3526 ς
391 3471 424 3519 14
439 3467 567 3536 supplevi
618 3473 650 3522 16
665 3466 700 3522 cf.
711 3465 830 3521 Heronis
839 3465 974 3520 Rationes
989 3463 1154 3518 διωεῖιουδι
1167 3463 1180 3518 Ι

45 3564 93 3574 *-
170 3556 230 3610 cap
242 3545 294 3608 8p.
305 3543 339 3592 20
390 3543 423 3591 18
438 3540 535 3608 αὑτης
551 3538 694 3593 oexvfee.
705 3544 766 3592 m.1
824 3541 857 3590 19
872 3535 999 3591 δεδόσθω
1011 3535 1057 3590 δεε
1073 3534 1179 3589 correxi
