2642 3872
165 186 230 251 300
299 187 447 239 ΗΡΩΝΟΣ
465 183 731 245 ΔΛΕΞΔΝΔΡΕΩΣ
750 188 838 238 ΠΕΡΙ
856 187 1038 238 ΔΙΟΠΤΡΔΣ

164 347 366 432 ἐπιφανείας,
389 350 585 432 γνωμονίων
603 359 704 413 τινῶν
722 345 980 434 περιαγομένων,
1003 346 1176 432 εὑρίσκειν

165 455 201 519 τὸ
224 462 282 537 τῆς
304 453 386 519 ὁδοῦ
409 463 520 538 μῆκος.
555 455 596 519 τὰ
617 450 679 538 μέν
697 455 760 539 γὰρ
779 453 935 540 εἰρημένα
953 451 1176 537 ὠδοντωμένα
1224 468 1228 474 ’

164 560 330 644 τυμπύνια
347 563 489 625 κείσεται
507 561 551 644 μή
569 561 719 638 ήαύοντα
738 571 805 625 τῶν
822 565 977 646 πλευρῶν
995 568 1054 625 τοῦ
1072 563 1176 644 κιβω·

164 668 295 750 ταρίου,
318 668 350 732 ολ
373 662 410 731 δὲ
433 664 546 744 όιξονες
569 666 680 732 αὐτῶν
702 669 750 744 εἰς
772 667 809 732 τὸ
833 667 924 743 ἐκτὸς
946 665 1045 751 μέρος
1071 666 1176 752 ὑπερ-

165 771 326 856 εχέτωσαν
362 784 429 837 τῶν
464 777 597 857 τοίχων·
634 774 669 838 αἱ
704 771 734 838 δ’
774 771 934 859 ὑπεροχαὶ
970 774 1174 859 τετράγωνοι
1204 790 1219 831 ⁵
1289 819 1290 822 κ

165 881 325 963 ἔστωσαν,
366 880 411 955 ὡς
451 877 493 944 δν
532 885 787 965 προσειλήφυλαι
827 882 1095 964 μοιρογνωμόνια
1136 879 1176 944 ἐν

165 985 382 1072 τετραγώνοις
413 988 588 1072 τρήμασιν·
624 988 707 1052 ὥστε
740 985 966 1072 στρεφομένου
1002 995 1062 1051 τοῦ
1094 1009 1176 1070 τυμ-

165 1092 273 1156 πάνου
301 1095 364 1157 σὺν
390 1100 437 1180 τςό
465 1091 558 1171 όλξονι
581 1092 826 1179 συστρέφεσθαι
851 1091 966 1157 καὶτὸ
989 1116 1175 1178 μοιρογνω-

165 1199 296 1282 μόνιον·
325 1195 366 1264 οὗ
395 1200 437 1283 δή
460 1202 701 1285 περιαγόμενον
718 1200 755 1264 τὸ
779 1201 884 1284 ἄκρον
906 1199 1030 1265 κύκλον
1052 1199 1174 1285 γράφει

166 1303 203 1370 έν
225 1313 265 1392 τῇ
288 1303 381 1392 ἑτέρᾳ
403 1311 531 1392 πλευρᾷ
552 1314 612 1370 τοῦ
639 1306 743 1395 αὐτοῦ
774 1310 903 1389 τοίχου,
932 1304 972 1370 ὃν
998 1306 1175 1390 διελοῦμεν
1191 1323 1219 1363 10

166 1411 214 1486 είς
236 1411 273 1476 τὸ
297 1411 377 1475 αὐτὸ
399 1416 529 1494 πλῆθος
542 1421 610 1476 τῶν
624 1411 773 1476 ὀδόντων
788 1421 849 1477 τοῦ
868 1410 961 1488 έντὸς
977 1414 1174 1496 τυμπανίου.

74 1546 95 1581 ι.
109 1536 149 1575 ιιι
167 1517 204 1582 τὸ
233 1513 270 1581 δέ
297 1519 583 1602 μοιρογνωμόνιον
609 1516 743 1601 μεγέθει
766 1520 848 1583 ἔστω
875 1523 1064 1603 τηλικοῦτο,
1091 1520 1175 1584 ὥστε

166 1626 298 1708 μείζονα
325 1624 467 1709 γράφειν
493 1625 631 1708 κύκλον,
659 1625 742 1710 πρὸς
768 1624 805 1688 τὸ
833 1625 894 1708 τήν
922 1626 1085 1710 διαίρεσιν
1107 1636 1175 1690 τῶν

167 1730 315 1795 ὀδόντων
338 1729 375 1794 ἐν
397 1734 521 1814 μείζοσι
544 1731 763 1815 διαστήμασιν
781 1726 882 1796 εἶναι·
906 1729 970 1809 ἕξει
992 1727 1031 1796 δὲ
1053 1731 1071 1797 ὁ
1094 1755 1174 1817 γρα-

167 1839 312 1921 φόμενος
334 1837 453 1913 κύκλος
476 1837 536 1920 τήν
559 1836 663 1921 αὐτήν
691 1836 878 1922 ἐπιγραφήν
904 1845 950 1924 τῷ
978 1836 1070 1914 ε’ντὸς
1092 1860 1172 1922 τνμ
1187 1852 1215 1894 1⁵

167 1944 274 2031 πόνφ·
306 1941 361 2008 καὶ
392 1943 496 2020 οὕτως
528 1945 584 2008 διὰ
611 1953 668 2028 τῆς
696 1942 787 2020 ἐκτὸς
815 1943 1006 2027 ἐπιφανείας
1035 1943 1174 2009 ἐπιθεω-

167 2051 312 2134 ρήσομεν
338 2051 374 2114 τὸ
402 2060 504 2134 μήκος
530 2059 587 2134 τῆς
615 2049 816 2132 ἄνυσθείσής
844 2048 934 2115 ὁδοῦ.
980 2049 1038 2115 ἐὰν
1065 2046 1103 2115 δέ
1129 2052 1174 2135 μή

167 2147 188 2238 ᾗ
211 2156 357 2221 δυνατὸν
378 2158 485 2221 πάντα
507 2158 547 2221 τδι
570 2156 737 2240 τνμπάνια
758 2157 802 2240 μή
824 2156 945 2234 ψαύειν
968 2167 1034 2221 τῶν
1055 2159 1176 2241 τοίχων

167 2269 228 2326 τοῦ
250 2264 460 2346 κιβωταρίου,
484 2263 539 2326 δια
561 2263 597 2327 τὸ
622 2261 854 2346 ἐμποδίζεσθαι
877 2262 942 2328 ὑπὸ
965 2262 1175 2347 ἀλλήλων,ή

63 2387 102 2427 τοι.
115 2386 152 2428 ιν
166 2366 226 2432 Ιδιδι
257 2369 334 2444 τοὺς
370 2367 629 2454 παρακειμένους
659 2371 807 2451 κοχλίας,
842 2367 863 2452 ή
895 2365 940 2433 δι’
962 2369 967 2453 Ι
987 2367 1101 2456 ἕτερόν
1132 2391 1175 2454 τι,
1189 2384 1218 2426 20

168 2473 438 2559 ἀπο<σ>τήσομεν
466 2471 603 2539 ἕκαστον
630 2473 740 2539 αὐτῶν
761 2484 939 2559 τοσοῦτον,
962 2477 1044 2541 ὥστε
1071 2472 1175 2559 μηδὲν

169 2580 322 2666 ἐμποδὼν
345 2576 438 2646 εἶναι.

253 2685 343 2753 Ἐπεὶ
362 2681 425 2752 οὖν
442 2698 510 2752 τῶν
528 2687 722 2753 ὀδοντωτῶν
736 2688 915 2771 τυμπάνων
939 2687 959 2752 δ
977 2684 1038 2771 μὲν
1051 2690 1176 2774 παράλ-

169 2799 252 2877 ληλα
274 2802 320 2882 τῷ
343 2792 489 2877 πυθμένι
513 2791 617 2879 ἐστίν,
643 2793 663 2858 δ
691 2791 720 2857 δ’
748 2793 850 2879 ὀρθοί,
877 2792 932 2858 καὶ
960 2805 1027 2859 τῶν
1049 2819 1175 2881 γραφο-

169 2899 278 2986 μένων
306 2903 369 2986 ύρα
395 2900 526 2966 κύκλων
553 2900 618 2965 ὑπὸ
642 2911 708 2964 τῶν
736 2905 1031 2985 μοιρογνωμονίων
1058 2904 1093 2966 οἳ
1113 2897 1174 2986 μέν
1188 2917 1216 2958 ²⁵

170 3007 206 3072 έν
228 3018 298 3083 τοῖς
320 3007 437 3093 όρθοίς
460 3009 583 3089 τοίχοις
605 3009 738 3071 ἔσονται
760 3015 819 3071 τοῦ
841 3009 1057 3094 κιβωταρίου,
1085 3011 1120 3073 οἳ
1140 3005 1172 3072 δ’

170 3112 207 3179 έν
238 3122 283 3200 τῷ
317 3113 507 3197 ἐπιπόματι.
554 3113 663 3195 δεήσει
695 3114 758 3197 ἄρα
790 3114 847 3176 διδ
877 3122 991 3197 τοῦτο,
1023 3111 1082 3178 ἕνα
1109 3123 1176 3178 τῶν

241 3255 458 3340 λόδοντωμὲνύ
521 3269 662 3334 λὰξωνες
725 3274 972 3340 6μνρογνωμονια
1035 3269 1176 3340 λοχήμα-

170 3359 227 3396 τινι
252 3341 358 3396 correxi
431 3338 558 3405 δόξωνι
629 3336 735 3408 9ὃδή
808 3337 914 3408 γρύψοι
985 3346 1089 3393 12-13
1108 3340 1176 3394 ὥστε

170 3410 237 3481 μίαν
251 3413 372 3482 γράφειν
429 3417 461 3465 16
475 3410 507 3464 τὸ
522 3406 599 3472 ἔντος
654 3415 758 3464 16-17
773 3407 1006 3480 έπεθεωρήσωμεν
1056 3417 1088 3464 21
1105 3412 1176 3466 όιπο·

170 3481 308 3553 τήοωμενι
333 3483 439 3537 correxi
520 3487 554 3534 23
577 3479 703 3536 όδόντων
726 3489 781 3534 τῶν
862 3484 895 3533 25
918 3481 1175 3551 μοιρογνωμονίωνε

172 3553 220 3607 sed
240 3575 250 3608 ι
269 3554 323 3609 del.
343 3573 378 3609 m.
400 3560 413 3607 1
487 3557 592 3606 26-27
612 3553 717 3606 όδοντω
736 3569 779 3605 ενι
796 3570 917 3619 πωματιε
938 3549 1043 3605 correxi
