2644 3870
142 142 185 207 88
309 146 459 198 ΗΡΩΝΟΣ
477 142 742 204 ΔΛΕΞΑΝΔΡΕΩΣ
760 148 945 200 ΜΕΤΡΙΚΩΝ
964 149 987 198 Α

142 306 226 371 ὥστε
251 305 309 371 έδιν
332 307 420 392 δοδή
442 305 463 389 ή
486 306 661 392 διάμετρος
683 316 740 392 τῆς
763 310 905 393 σφαίρας
927 309 1084 393 μονάδων
1107 311 1153 392 ιδ,

142 413 195 476 δεῖ
225 412 337 496 εὑρεῖν
367 412 491 478 κύκλον
517 416 778 497 τετραπλασίονα
805 423 865 479 τοῦ
892 415 1031 499 κύκλου,
1064 410 1104 480 οὗ
1131 414 1151 498 ή

142 517 318 604 διάμετρός
354 517 422 583 ἐστι
458 518 614 603 μονάδων
651 520 693 584 ιδ.
748 521 777 584 εί
813 515 851 584 δὲ
886 519 904 585 ὁ
941 521 1062 597 κύκλος
1092 531 1153 586 τοῦ

142 624 267 689 κύκλου
295 622 363 689 ἐστὶ
390 625 640 710 τετραπλάσιος,
666 624 687 708 ή
716 626 779 711 άρα
807 626 980 712 διάμετρος
1002 636 1060 712 τῆς
1082 629 1153 692 δια-

143 727 265 817 μέτρου
292 729 360 795 έστλ
388 732 561 815 διπλασία,
588 730 720 817 έκείκερ
749 733 781 796 ολ
808 732 924 797 κύκλοι
949 733 1033 819 πρὸς
1055 733 1153 817 άλλή-
1181 752 1197 792 ⁵

143 842 222 913 λους
255 835 355 921 εἰσὶν,
387 838 431 913 ὡς
462 839 501 903 τά
531 836 595 902 ἀπὸ
622 849 690 902 τῶν
716 836 903 923 διαμέτρων
929 850 996 904 τῶν
1022 840 1154 906 κύκλων

143 944 331 1028 τετράγωνα
355 944 438 1029 πρὸς
461 944 594 1027 άλληλα.
639 944 679 1008 τά
703 944 737 1008 ιδ
760 945 825 1020 δίς·
853 948 1000 1028 γίγνεται
1022 970 1071 1030 κη.
1115 948 1154 1012 τὸ

144 1045 182 1114 δὲ
210 1048 355 1134 ἐμβαδὸν
380 1058 441 1114 τοῦ
468 1049 608 1133 κύκλου,
635 1044 675 1114 οὗ
702 1049 723 1133 ή
749 1050 924 1136 διάμετρος
945 1075 1000 1136 κη,
1024 1050 1028 1138 ή
1053 1055 1154 1137 ἔστιν,

144 1156 188 1232 ὡς
211 1154 393 1241 ἐμάθομεν,
418 1156 574 1241 μονάδων
597 1177 658 1239 χις.
704 1154 864 1221 ὥστεκαὶ
887 1157 908 1240 ἡ
932 1166 988 1240 τῆς
1012 1160 1155 1244 σφαίρας

144 1261 319 1347 ε’κιφάνεια
342 1265 432 1328 ἔσται
454 1262 612 1347 μονάδων
629 1284 691 1346 χις.
729 1261 823 1345 ήκαλ
842 1263 961 1341 άλλως·
985 1262 1155 1343 ἀπέδειξεν
1170 1283 1197 1323 1⁰
1310 1271 1312 1326 λ

140 1361 349 1455 Ἀρχιμήδης,
382 1369 432 1434 ὅτι
463 1367 484 1451 ή
517 1367 692 1452 έκιφάνεια
723 1377 781 1453 τῆς
810 1372 954 1456 σφαίρας
981 1376 1035 1455 ίση
1065 1367 1155 1435 ἐστὶν

144 1474 319 1562 ἐπιφανείᾳ
349 1476 534 1560 κυλίνδρου
565 1472 666 1561 χωρὶς
697 1487 764 1541 τῶν
796 1476 939 1560 βάσεων,
971 1472 1012 1542 οὗ
1043 1476 1063 1560 ή
1093 1473 1155 1561 μὲν

143 1580 317 1666 διάμετρος
340 1589 398 1665 τής
420 1580 546 1665 βάσεως
569 1587 623 1664 ίση
647 1579 715 1646 ἐστὶ
738 1590 777 1667 τῇ
801 1580 963 1670 διαμέτρφ
981 1593 1039 1666 τῆς
1058 1587 1155 1667 σφαί-

144 1712 216 1774 ρας,
239 1688 276 1754 τὸ
300 1683 337 1752 δὲ
359 1685 445 1764 ύψος
468 1691 555 1751 ίσον·
584 1687 667 1752 ὥστε
690 1688 801 1771 δεήσει
824 1686 1020 1772 έτιιφάνειαν
1042 1691 1154 1753 κυλίν-

144 1796 228 1881 δρου
254 1802 427 1880 μετρῆσαι,
455 1787 496 1858 οὗ
523 1790 543 1874 ή
572 1789 634 1878 μὲν
661 1794 835 1880 διάμετρος
857 1802 914 1878 τής
936 1795 1063 1878 βάσεώς
1085 1793 1154 1860 ἐστι
1169 1814 1195 1854 1⁵

143 1901 299 1986 μονάδων
318 1902 362 1985 ιδ,
380 1901 418 1965 τὸ
437 1895 475 1964 δέ
492 1898 578 1977 ύψος
595 1899 716 1984 ὁμοίως
734 1901 777 1965 ιδ.
809 1900 854 1976 ὡς
868 1895 930 1966 οὖν
943 1902 1154 1986 προεδείχθη,

142 2006 163 2090 ή
192 2007 368 2092 ἐπιφάνεια
395 2006 498 2071 αὐτοῦ
527 2004 595 2071 έστι
622 2007 779 2091 μονάδων
806 2026 872 2091 χις·
901 2007 1063 2073 τοσούτου
1090 2007 1155 2094 άρα

143 2112 198 2179 καὶ
220 2112 240 2196 ή
265 2121 322 2196 τής
344 2116 488 2198 σφαίρας
510 2111 693 2197 ἐπιφάνεια.

210 2225 264 2284 λδ.
310 2220 482 2303 Τμήματος
504 2213 541 2282 δέ
573 2221 716 2303 σφαίρας
737 2219 799 2301 τήν
822 2218 1018 2303 έιιιφάνειαν
1039 2221 1155 2304 μετρή-

145 2344 247 2410 σομεν
265 2324 378 2401 οὕτως.
402 2327 484 2388 ἔστω
502 2333 611 2408 τμήμα
630 2329 783 2410 σφαίρας,
807 2320 847 2390 οὗ
866 2325 963 2408 βάσις
980 2324 999 2391 δ
1018 2328 1156 2390 ΑΒΓΔ
1170 2346 1197 2386 ιο

143 2433 264 2508 κύκλος
300 2433 384 2515 ἔχων
415 2430 477 2513 τήν
510 2425 571 2514 μὲν
602 2435 634 2493 Α
640 2432 672 2494 Γ
704 2430 882 2516 διάμετρον
917 2432 1073 2516 μονάδων
1103 2433 1155 2513 κδ,

144 2541 205 2624 τήν
228 2534 265 2603 δὲ
283 2541 347 2601 ΕΖ
369 2535 514 2601 κάθετον
535 2536 691 2620 μονάδων
715 2560 738 2601 ε.
781 2533 850 2601 ἐπεὶ
873 2532 936 2602 οὖν
957 2536 977 2620 ή
998 2540 1067 2602 ΑΓ
1087 2535 1155 2603 ἐστὶ

144 2645 301 2731 μονάδων
327 2646 406 2725 ΚΛ,
455 2640 475 2724 ή
504 2643 568 2727 άρα
595 2647 627 2705 Α
633 2646 661 2706 Ζ
689 2640 757 2707 ἐστὶ
789 2643 945 2727 μονάδων
978 2647 1021 2728 ιβ.
1069 2643 1090 2728 ἡ
1118 2640 1156 2709 δέ

146 2757 210 2817 ΖΕ
234 2750 391 2836 μονάδων
419 2768 447 2814 ε·
474 2748 494 2831 ἡ
521 2749 585 2834 άρα
608 2753 676 2813 ΑΕ
697 2748 766 2815 ἐστὶ
788 2750 946 2835 μονάδων
973 2774 1007 2833 ιν
1034 2752 1090 2816 διὰ
1117 2753 1154 2817 τὸ

145 2859 254 2944 ὀρθήν
281 2852 367 2922 εἶναι
393 2856 455 2938 τήν
477 2855 560 2940 πρὸς
582 2863 628 2943 τῷ
653 2860 680 2920 Ζ
703 2860 837 2939 γωνίαν,
883 2855 1053 2936 ἀπέδειξεν
1076 2854 1113 2923 δὲ
1136 2858 1194 2924 διο

145 2964 245 3040 αὐτὸς
261 2961 459 3048 Ἀρχιμήδης
487 2960 524 3026 έν
550 2969 596 3049 τῷ
621 2960 697 3047 περὶ
721 2968 864 3050 σφαίρας
890 2961 946 3027 καὶ
972 2965 1155 3050 κυλίνδρου

146 3069 176 3158 (Ι
204 3091 229 3135 ο.
252 3069 296 3134 42
307 3090 352 3153 sq.
381 3065 442 3132 t.1
470 3090 500 3152 p.
522 3067 584 3132 176
612 3065 722 3156 Heib.)
755 3070 805 3135 ὅτι
836 3070 960 3146 παντὸς
991 3071 1156 3154 τμήματος

146 3181 289 3263 σφαίρας
315 3175 335 3258 ἡ
360 3171 536 3258 έτιιφάνεια
559 3179 614 3257 ίση
639 3172 708 3239 ἐστὶ
730 3174 856 3262 κύκλφ,
885 3171 969 3258 <οὗ>
993 3175 1014 3260 ἡ
1038 3174 1073 3240 ἐκ
1095 3185 1155 3241 τοῦ

145 3281 285 3368 κέντρου
317 3287 372 3365 ίση
406 3277 474 3345 ἐστὶ
506 3288 545 3366 τή
577 3279 612 3345 έκ
638 3289 699 3345 τοῦ
725 3282 832 3346 κόλου
858 3291 916 3366 τῆς
943 3282 1069 3366 βάσεως
1096 3291 1155 3347 τοῦ

20 3449 21 3477 ,
145 3393 321 3475 τμήματος·
353 3385 373 3469 ή
402 3382 440 3451 δέ
466 3390 535 3450 ΑΕ
562 3384 596 3450 ἐκ
623 3395 684 3450 τοῦ
711 3387 817 3450 κόλου
844 3385 913 3451 ἐστὶ
935 3397 995 3452 τοῦ
1019 3391 1156 3453 ΑΒΓΔ
1170 3407 1197 3447 ιο

40 3540 112 3556 „-
144 3497 281 3563 κύκλου·
314 3492 369 3560 καὶ
397 3495 466 3558 έστι
493 3491 650 3577 μονάδων
673 3515 715 3574 ιγ.
760 3490 781 3575 ἡ
809 3493 872 3577 άρα
899 3493 1074 3579 διάμετρος
1095 3504 1156 3559 τοῦ
