2654 3868
174 184 239 249 208
309 183 458 238 ΗΡΩΝΟΣ
476 183 742 242 mmmm
760 186 849 236 ΠΕΡΙ
867 185 1050 236 ΔΙΟΠΤΡΔΣ

173 349 213 412 τά
243 342 280 410 dd
310 344 488 430 εἰλημμένα
518 357 634 430 σημεῖα
663 348 720 411 διὰ
749 353 807 430 τῆς
834 348 991 432 διόπτρας
1018 346 1057 410 τά
1081 348 1118 429 Γ,
1142 349 1185 409 Ε·

173 450 245 517 καθ’
276 452 294 517 ὃ
317 448 355 517 δὲ
378 451 536 518 ἐπίκειται
558 452 577 518 ὁ
600 457 666 516 ΔΕ
685 453 797 518 κανὼν
818 460 864 540 τῷ
888 452 1013 537 ἐδάφει,
1042 454 1123 517 ἔστω
1146 452 1184 517 τὸ

173 564 215 623 Δ.
261 557 421 645 ἔμέτρησα
444 555 507 624 οὖν
535 557 693 647 ἑκατέραν
718 569 786 625 τῶν
814 563 889 643 ΑΓ,
912 564 991 623 ΔΕ·
1023 556 1079 623 καὶ
1102 560 1184 623 ἔστω

173 665 193 748 ή
224 661 286 750 μὲν
308 669 374 730 ΑΓ
397 665 566 753 ηὑρημένη
596 678 710 752 πηχῶν
742 687 771 749 ς,
803 665 823 749 ή
854 662 891 730 dd
920 670 985 729 ΔΕ
1011 675 1126 749 πηχῶν
1155 669 1185 750 β.

174 771 414 858 ἀπεγραψάμην
445 768 508 838 οὖν
539 772 602 838 δύο
634 777 781 857 στίχους,
814 771 851 837 ἐν
882 767 943 855 μὲν
969 779 1016 859 τῷ
1044 769 1094 837 ἑνὶ
1117 770 1186 837 ἔπι-
1216 793 1229 833 ⁵

57 898 59 904 ·
173 879 303 965 γράψας
323 880 541 964 καταβάσεως,
564 879 623 961 <ἔν
646 875 683 944 δὲ
705 887 751 966 τῷ
775 876 873 967 ἑτέρῳ
897 877 1118 963 ἀναβάσεως>,
1142 879 1186 956 ὡς

173 985 433 1071 ὑπογέγραπται·
462 984 518 1051 καὶ
536 988 614 1062 τοὺς
632 982 693 1070 μὲν
712 985 745 1064 ἔξ
763 989 877 1070 πήχεις
897 985 933 1051 έν
950 994 996 1074 τῷ
1013 996 1072 1070 τῆς
1089 1010 1186 1051 κατα·

173 1093 300 1176 βάσεως
318 1096 417 1180 στίχῳ
437 1102 644 1178 σημειοῦμαι,
667 1095 745 1170 τοὺς
768 1089 806 1157 dd
828 1092 890 1157 δύο
915 1091 1015 1181 ἐντῷ
1033 1102 1090 1178 τῆς
1108 1091 1187 1158 ἀνα-

174 1199 307 1283 βάσεως.
357 1196 412 1263 καὶ
444 1196 602 1281 μένοντος
634 1207 695 1263 τοῦ
722 1202 788 1262 ΔΕ
816 1200 957 1274 κανόνος
989 1202 1186 1282 μετατίθημι

173 1306 235 1388 τήν
261 1305 437 1391 θιόπτραν·
467 1302 522 1369 καὶ
550 1306 631 1369 ἔστω
659 1305 743 1390 πρὸς
769 1311 814 1391 τῷ
837 1307 882 1368 Κ·
916 1302 972 1369 καὶ
1000 1303 1186 1390 ἔπιστρέφω
1202 1327 1231 1366 ιο

173 1413 234 1477 τὸν
257 1411 347 1496 [ΔΕ]
371 1413 506 1494 κανόνα,
536 1412 631 1495 ἀχρις
658 1409 700 1475 ἀν
726 1411 828 1476 πάλιν
855 1411 916 1475 ἔδω
945 1411 1001 1476 ded
1023 1420 1083 1476 τοῦ
1106 1417 1187 1476 πλα-

173 1522 251 1602 γίον
269 1519 410 1594 κανόνος
432 1518 492 1581 τὸν
509 1521 576 1581 ΔΕ
592 1519 731 1582 κανόνα.
763 1515 818 1582 καὶ
835 1519 1039 1600 καταστήσας
1061 1519 1101 1582 τά
1125 1514 1186 1605 [τε]

175 1625 307 1691 λεπίδια
337 1628 455 1708 τίθημι
483 1624 543 1689 τὸν
571 1626 641 1687 ΑΓ
663 1625 789 1688 κανόνα
816 1625 1006 1709 ἔμπροσθεν
1033 1633 1090 1707 τῆς
1117 1624 1188 1689 ἀιό-

173 1753 288 1817 πτρας,
313 1729 484 1796 τουτέστιν
507 1728 561 1795 ἐπὶ
583 1731 623 1795 τά
646 1729 742 1816 ἔτερα
764 1729 846 1817 μέρη
869 1738 929 1795 τοῦ
952 1735 1017 1794 ΔΕ
1037 1733 1187 1806 κανόνος.

174 1836 229 1902 καὶ
265 1838 366 1904 πάλιν
402 1836 560 1921 ἀκινήτου
596 1845 653 1919 τής
685 1838 843 1923 διόπτρας
873 1837 974 1920 οὔσης
1007 1840 1187 1920 καθίστημι
1201 1858 1229 1898 ιε

174 1945 236 2027 τήν
258 1943 457 2027 ἀσπιδίσκην
484 1939 529 2008 ἐτί
562 1943 695 2020 εὐθείας
717 1953 788 2020 ταῖς
810 1941 999 2026 ἀνατομαῖς,
1026 1941 1081 2009 καὶ
1104 1945 1186 2008 ἔστω

174 2052 215 2115 τά
236 2051 319 2135 πρὸς
340 2060 413 2126 ταῖς
435 2049 645 2126 ἀσπιδίσκαις
668 2060 785 2134 σημεῖα
808 2048 862 2114 ἐπὶ
884 2061 952 2114 τῶν
972 2052 1125 2115 κανόνων
1147 2051 1187 2114 τὰ

176 2159 224 2239 Η,
250 2159 286 2220 Θ.
331 2157 433 2221 πάλιν
460 2151 523 2221 οὖν
547 2157 584 2221 τὸ
608 2153 669 2241 μὲν
692 2155 756 2221 ἀπὸ
785 2165 845 2222 τοῦ
869 2160 908 2221 Η
925 2157 1088 2241 διάστημα
1111 2157 1187 2240 άχρι

174 2271 235 2327 τοῦ
264 2260 409 2346 ἐδάφους
432 2272 629 2346 σημειοῦμαι
654 2263 701 2339 εἰς
724 2264 784 2327 τὸν
809 2272 868 2345 τής
889 2263 1097 2346 καταβάσεως
1120 2265 1187 2328 στί-

174 2392 245 2454 χον,
275 2369 312 2432 τὸ
342 2364 380 2432 δὲ
409 2366 473 2433 ἀπὸ
504 2377 563 2433 τοῦ
589 2374 618 2434 Θ
647 2370 694 2446 είς
723 2370 783 2434 τὸν
812 2378 869 2453 τῆς
899 2367 1101 2453 ἀναβάσεως·
1131 2368 1186 2434 καὶ
1201 2390 1229 2429 νο

175 2477 323 2539 ἔστωσαν
348 2470 410 2558 μέν
437 2475 645 2559 καταβάσεως
672 2477 787 2558 πήχεις
809 2473 973 2561 τέσσαρες,
996 2473 1188 2559 ἀναβάσεως
1210 2535 1213 2538 .

176 2577 213 2645 dl
239 2582 353 2666 πήχεις
380 2581 451 2645 δύο.
500 2578 555 2645 καὶ
582 2582 684 2647 πάλιν
711 2578 869 2665 μένοντος
895 2590 956 2647 τοῦ
982 2583 1066 2667 πρὸς
1088 2590 1134 2672 τῷ
1159 2586 1188 2646 Θ

175 2690 315 2764 κανόνος
342 2691 540 2772 μετατίθημι
567 2688 628 2771 τήν
650 2689 813 2773 ἀιόπτραν
834 2685 890 2753 καὶ
912 2688 973 2753 τὸν
995 2686 1109 2774 ἕτερον
1131 2713 1187 2753 κα-

82 2812 158 2860 α198
177 2797 260 2860 νόνα
278 2792 376 2878 (nal)
393 2795 606 2878 καταστήσας,
627 2796 672 2872 ὡς
690 2798 892 2881 προείρηται,
911 2793 959 2860 ἔπ’
978 2794 1113 2872 εὐθείας
1130 2796 1188 2872 τάς

176 2925 210 2967 τε
243 2900 439 2978 ἀσπιδίσκας
469 2899 524 2965 καὶ
557 2903 614 2979 τάς
641 2899 807 2985 ἀνατομάς
837 2903 993 2987 λαμβάνω
1023 2899 1104 2990 [καὶ]
1133 2900 1188 2966 ἐπὶ
1202 2921 1229 2963 ετ

69 3025 109 3066 τοι
122 3026 159 3067 εν
177 3021 243 3073 τῶν
274 3010 426 3072 κανόνων
453 3018 570 3092 σημεῖα
597 3009 637 3073 τά
664 3011 709 3092 Λ,
738 3011 785 3073 Μ.
810 3012 814 3087 l
838 3006 894 3074 καὶ
925 3009 1027 3074 πάλιν
1057 3009 1094 3074 τὸ
1126 3004 1188 3091 μέν

247 3196 440 3270 4ηιιραμένηε
460 3216 528 3254 corr.
543 3199 580 3253 Vi
657 3198 914 3271 θάπεγραψαμηνι
933 3201 1026 3256 ἀπ...
1046 3195 1112 3255 exl

176 3271 228 3328 feo.
242 3269 353 3326 videtur
370 3288 444 3326 man.
460 3277 474 3324 1
546 3277 561 3325 6
581 3269 721 3341 supplevit
739 3270 775 3325 Vi
843 3277 867 3326 8·
879 3290 1052 3342 σημειοοταιε
1073 3289 1140 3327 corr.
1151 3270 1189 3325 Vi

213 3340 391 3412 θμένονταςι
406 3360 474 3397 corr,
485 3341 522 3395 Vi
591 3348 624 3396 10
638 3343 708 3412 πρὸς
721 3342 765 3398 τὸς
781 3342 887 3397 correxi
954 3349 985 3396 11
1001 3343 1082 3414 [ΔΕ]
1098 3341 1188 3396 delevi

213 3415 264 3468 ίὸω
278 3413 327 3468 καὶ
340 3423 402 3469 τοῦτ
422 3413 528 3468 correxi
592 3419 625 3467 12
639 3414 693 3484 [τε]
708 3413 799 3468 delevi
863 3419 896 3468 15
911 3415 1007 3482 οὔσηςε
1021 3412 1040 3468 f.
1051 3412 1189 3483 μενούσης

213 3491 246 3538 22
270 3484 339 3556 πρὸς
361 3485 405 3541 τοι
427 3485 534 3540 correxi
606 3491 640 3539 24
659 3484 750 3559 <καὶ>
770 3483 868 3539 addidi
941 3480 1108 3540 ἔτενθείασι
1126 3483 1188 3554 (sie)

68 3588 118 3604 -—
213 3562 247 3612 25
266 3557 339 3635 [mvl]
355 3556 446 3612 delevi
