2644 3870
171 148 235 214 130
335 149 484 203 ΗΡΩΝΟΣ
503 147 770 208 ΑΛΕΞΑΝΔΡΕΩΣ
788 150 973 204 ΜΕΤΡΙΚΩΝ
990 153 1012 203 Β

167 308 222 376 καλ
245 313 533 388 πολλαπλασιάσας
555 313 595 377 τά
619 289 771 398 [μ]ζτοβ
794 310 909 377 ἐπὶτδι
933 309 1041 398 ριγζ’·
1063 311 1180 378 καὶτὰ

167 473 329 554 γενόμενα
355 471 525 556 παράβαλε
551 473 641 558 παρὰ
667 472 727 537 τὸν
753 473 813 536 πδ
844 475 992 555 γίγνεται
1018 414 1179 558 θλνςδ.

167 576 330 642 τοσούτου
345 578 480 642 ἔσται
450 602 487 643 το
502 579 636 664 στερεὸν
650 587 707 662 τής
722 581 866 665 σπείρας.
898 580 1044 644 δυνατὸν
1058 578 1127 644 δέ’
1110 596 1179 644 εστι

166 681 221 748 καλ
249 684 356 760 άλλως
383 693 549 770 μετρῆσαι.
595 682 664 750 έπεὶ
691 685 754 771 γάρ
781 683 825 767 ή
832 691 864 749 Α
871 685 942 750 Ζ
926 683 994 751 ἐστὶ
1022 686 1179 770 μονάδων

168 790 216 873 ιδ,
243 787 298 854 καὶ
325 792 416 856 ἔστιν
444 789 479 856 έκ
506 801 566 857 τοῦ
593 791 747 878 κέντρου,
770 791 790 876 ή
819 793 883 876 άρα
911 792 1085 879 διάμετρός
1108 792 1177 858 έστι
1205 813 1220 854 ε

167 897 323 979 μονάδων
350 917 403 981 κη·
431 898 514 964 ὥστε
540 897 561 982 ἡ
584 897 777 984 περιφέρεια
799 908 860 964 τοῦ
882 899 1007 965 κύκλου
1030 902 1178 982 γίγνεται

168 1003 324 1087 μονάδων
350 1023 408 1086 πη·
436 1002 628 1069 άπλωθελσα
656 1006 720 1090 άρα
745 1003 766 1087 ἡ
795 1015 912 1090 σπεῖρα
939 1002 994 1070 καλ
1016 1004 1177 1090 γενομένη

167 1109 212 1185 ὡς
242 1109 420 1196 κύλινδρος
447 1107 512 1188 ἔξει
538 1111 575 1175 τὸ
602 1119 705 1196 μῆκος
731 1111 888 1195 μονάδων
913 1131 973 1195 πη·
1004 1109 1059 1176 καὶ
1087 1115 1178 1177 ἔστιν

168 1215 188 1299 ἡ
217 1215 391 1301 διάμετρος
417 1224 475 1299 τῆς
501 1217 627 1300 βάσεως
652 1225 713 1281 τοῦ
739 1216 936 1302 κυλίνδρου,
963 1215 1134 1283 τουτέστιν
1156 1219 1177 1302 ἡ

167 1324 240 1405 ΒΓ,
263 1323 419 1407 μονάδων
443 1325 489 1406 ιβ·
513 1322 647 1387 ὥστε
618 1347 655 1388 το
679 1324 813 1408 στερεὸν
835 1331 895 1388 τοῦ
917 1325 1110 1478 κυλίνδρου,
1134 1327 1178 1402 ὡς
1192 1347 1220 1387 ιο

71 1481 352 1649 Ηέμάδομεν,
375 1484 466 1546 ἔσται
488 1482 675 1568 μονάδων
676 1484 760 1567 §.tufi
805 1484 907 1548 πάλιν
930 1425 1088 1569 θλνςδ.

235 1590 278 1653 ιδ.
302 1593 307 1668 Ι
323 1587 430 1653 Ἔστω
458 1589 641 1675 κυλίνδρου
665 1599 774 1674 τμῆμα
796 1599 953 1675 μετρῆσαι
976 1590 1177 1676 τετμημένου

167 1696 224 1760 διδ
252 1704 312 1761 τοῦ
339 1692 479 1781 κέντρου
506 1705 582 1780 μιᾶς
609 1707 676 1761 τῶν
702 1697 844 1781 βάσεων·
876 1694 931 1764 καλ
958 1699 1039 1762 ἔστω
1067 1697 1087 1780 η
1116 1694 1178 1781 μὲν

165 1803 341 1887 διάμετρος
368 1811 425 1885 τῆς
452 1802 582 1888 βάσεως,
604 1802 624 1886 η
648 1807 713 1867 ΑΒ
736 1804 892 1887 μονάδων
915 1806 944 1887 ζ,
971 1804 1008 1868 τὸ
1032 1800 1069 1869 δὲ
1091 1803 1177 1880 ὕφος

165 1917 226 1974 τοῦ
253 1910 417 1994 τμήματος
444 1910 600 1993 μονάδων
627 1928 659 1974 κ·
687 1909 900 1994 άποδέδειχεν
917 1907 1114 1996 Ἀρχιμήδης
1140 1909 1177 1976 έν
1191 1930 1218 1971 15

115 2080 120 2101 Ι
166 2022 212 2102 τῷ
238 2013 397 2104 έφοδικςό,
426 2015 536 2081 ὅτιτὸ
560 2025 714 2081 τοιοῦτον
736 2025 844 2100 τμῆμα
867 2014 962 2081 ἕκτον
985 2015 1084 2102 μέρος
1107 2015 1175 2081 ἐστὶ

165 2129 226 2185 τοῦ
249 2131 384 2208 στερεοῦ
406 2120 735 2208 παραλληλεπιπέδου
757 2132 818 2188 τοῦ
841 2123 940 2206 βάσιν
961 2117 1023 2206 μὲν
1043 2125 1176 2206 ἔχοντος

165 2227 202 2292 τὸ
239 2231 529 2313 περιγραφόμενον
563 2227 639 2312 περὶ
675 2229 736 2312 τήν
771 2229 870 2313 βάσιν
901 2238 961 2294 τοῦ
992 2230 1176 2315 κυλίνδρου

165 2335 389 2419 τετράγωνον,
416 2334 502 2412 ύήιος
525 2330 562 2399 δὲ
584 2335 621 2400 τὸ
645 2334 725 2399 αὐτὸ
748 2343 795 2422 τῷ
816 2336 965 2419 τμήματι.
1010 2331 1115 2401 δοθὲν
1137 2332 1175 2400 δὲ

165 2440 203 2505 τὸ
222 2440 356 2526 στερεὸν
373 2441 716 2525 παραλληλεπίπεδον·
735 2437 841 2507 δοθὲν
859 2442 923 2528 άρα
940 2439 995 2506 καὶ
1013 2442 1051 2507 τὸ
1065 2450 1175 2526 τμῆμα
1190 2463 1217 2504 εο

165 2555 225 2612 τοῦ
248 2548 444 2634 κυλίνδρου·
467 2547 551 2613 ὅθεν
573 2547 682 2631 δεήσει
705 2549 745 2614 τδι
766 2546 850 2634 ζέφ’
874 2545 974 2613 ἑαυτά
991 2551 1175 2631 ποιήσαντα

164 2654 448 2719 πολλαπλοσιάσαι
472 2652 525 2720 ἐπὶ
548 2654 585 2718 τὸ
609 2653 704 2738 ύήος,
726 2655 897 2721 τουτέστιν
918 2652 971 2720 ἐπὶ
989 2657 1029 2720 τά
1047 2676 1079 2721 κ·
1103 2658 1175 2738 γίν-

165 2783 255 2825 νεται
287 2756 368 2840 Qu·
403 2757 458 2824 καλ
494 2761 622 2827 τούτων
657 2762 694 2826 τὸ
730 2759 827 2827 ἕκτον
861 2765 1008 2845 γίγνεται
1041 2760 1108 2846 ρξγ
1131 2758 1173 2845 γ’.

164 2867 326 2932 τοσούτου
348 2869 439 2932 ἔσται
462 2868 498 2932 τὸ
521 2876 630 2952 τμήμα
651 2877 711 2933 τοῦ
733 2869 924 2955 κυλίνδρου.

232 2997 269 3038 ιε.
288 2972 322 3038 Ὁ
342 2971 372 3037 δ’
395 2974 494 3052 αὐτὸς
508 2972 705 3061 Ἀρχιμήδης
723 2974 759 3040 έν
777 2983 823 3062 τῷ
842 2975 931 3064 αὐτῷ
949 2978 1069 3064 βιβλίῳ
1088 2976 1173 3041 δείκ-
1188 2994 1215 3036 τε

75 3167 79 3175 .
154 3063 278 3164 ’νυσιν,
311 3080 362 3146 ὅτι
394 3080 452 3146 ε’άν
483 3083 530 3159 είς
556 3082 661 3166 κύβον
689 3082 750 3147 δύο
778 3082 953 3169 κύλινδροι
981 3083 1173 3149 διωσθῶσιν

164 3189 222 3265 τάς
257 3188 370 3272 βάσεις
406 3189 534 3272 ἔχοντες
571 3186 798 3271 ἐφαπτομένας
831 3200 898 3254 τῶν
928 3193 1082 3275 πλευρῶν
1112 3198 1173 3254 τοῦ

163 3295 281 3380 κύβου,
301 3295 338 3360 τὸ
357 3294 483 3360 κοινὸν
490 3301 599 3379 τμῆμα
617 3306 683 3360 τῶν
700 3296 891 3379 κυλίνδρων
909 3297 1063 3381 δίμοιρον
1082 3299 1173 3362 ἔσται

236 3451 657 3522 1δθῙθνί;δπολλαπλοισίασον
712 3451 924 3534 λδῆρςΓ
897 3472 934 3511 s:
949 3452 1056 3507 correxi
1105 3454 1157 3508 8ω
1136 3474 1173 3516 ως

165 3541 248 3596 supra
266 3524 315 3581 lin
330 3525 394 3580 add
409 3529 476 3578 m.1
542 3528 573 3577 11
596 3523 702 3595 ζᾏηβι
722 3523 836 3579 correxi.
898 3524 1046 3598 δῆνςδι
1066 3524 1172 3578 correxi
