2654 3868
181 201 248 266 286
318 202 467 256 ΗΡΩΝΟΣ
486 202 752 261 ΑΛΕΞΑΝΔΡΕΩΣ
770 205 857 255 ΠΕΡΙ
874 204 1057 255 ΔΙΟΙῙΤΡΔΣ

179 367 284 430 τόπον
311 365 368 429 διά
394 374 452 448 τῆς
480 365 646 449 διόπτρας,
700 363 903 448 ἀπολήψεται
931 358 993 428 οὖν
1020 363 1057 428 τὸ
1090 361 1191 449 ἀπορ-

180 470 259 556 ρέον
286 471 342 536 διά
368 479 429 536 τοῦ
457 475 604 554 σωλῆνος
633 469 725 554 ὕδωρ
754 469 791 534 ἐν
821 477 868 556 τῷ
899 473 1101 558 περιστομίῳ
1130 479 1191 536 τοῦ

181 581 341 659 σωλῆνος·
365 568 438 642 οἷον
460 576 738 662 ἀπολαμβάνεάν]
760 576 944 652 δακτύλους
967 579 1003 660 β·
1033 575 1129 660 ἐχέτω
1153 573 1192 642 δὲ

178 680 234 746 καὶ
252 683 289 748 τὸ
308 684 431 760 πλάτος
449 692 509 748 τοῦ
526 685 742 770 περιστομίου
760 691 820 748 τοῦ
840 688 988 766 σωλῆνες
1006 683 1192 759 δακτύλους

180 808 212 862 ς·
246 786 351 868 ἑξάκις
383 790 445 855 δύο
473 793 624 872 γίνονται
655 793 702 874 ιβ·
736 789 1023 873 <ἀποφανούμεδα
1055 790 1097 873 δὴ
1128 790 1190 873 την
1220 808 1235 861 υ

180 895 366 980 ἀνάβλυσιν
392 904 450 979 τῆς
476 906 582 982 πηγῆς
609 897 783 962 δακτύλων
812 897 876 981 ιβ).
922 893 1046 961 είδέναι
1068 892 1106 961 δὲ
1128 897 1192 983 χρὴ

72 1018 163 1059 ωιτν
182 1002 233 1066 ὅτι
266 1002 327 1068 ούκ
358 1005 449 1068 ἐστιν
480 1000 649 1091 αύΙταρκες
679 1004 762 1088 πρὸς
792 1003 829 1068 τὸ
858 1002 1052 1085 ἐπιγνῶναι,
1084 1005 1195 1068 πόσου

178 1120 313 1195 χορηγεῖ
338 1109 430 1196 ὕδωρ
457 1108 478 1193 ἡ
505 1113 608 1195 πηγή,
636 1110 685 1194 [ἢ]
714 1110 751 1175 τὸ
780 1109 891 1197 εὑρεῖν
918 1108 978 1173 τὸν
1005 1110 1107 1192 ὄγκον
1128 1117 1190 1174 τοῦ

180 1215 350 1301 ῥεύματος,
373 1216 414 1282 ὃν
436 1215 574 1300 λέγομεν
597 1211 683 1281 εἶναι
705 1216 877 1282 δακτύλων
901 1221 944 1299 ιβ,
967 1214 1127 1281 ἀλλὰκαὶ
1151 1217 1192 1282 τὸ

85 1340 160 1387 12-226
179 1322 277 1406 τάχος
309 1322 425 1388 αὐτοῦ’
457 1321 634 1408 ταχυτέρας
663 1318 725 1406 μέν
752 1324 815 1407 γάρ
844 1323 945 1406 οὔσης
975 1331 1033 1405 τῆς
1065 1309 1192 1407 ῥύσεως
1204 1339 1235 1379 10

177 1427 281 1493 πλέον
303 1428 492 1516 ἐπιχορηγεῖ
513 1429 550 1494 τὸ
569 1428 671 1515 ὕδωρ,
694 1427 898 1514 βραδυτέρας
921 1425 958 1494 δέ
985 1439 1089 1513 μεῖον.
1134 1428 1188 1492 διὸ

178 1535 229 1600 δεῖ
250 1534 315 1600 ὑπὸ
339 1536 400 1619 τὴν
424 1545 481 1619 τῆς
503 1544 609 1620 πηγῆς
635 1536 734 1622 ῥύσιν
758 1534 922 1622 ὀρύξαντα
939 1537 1069 1622 τάφρον
1091 1544 1192 1621 τηρῆ-

178 1658 233 1706 σαι
252 1639 284 1719 ἐξ
302 1641 442 1724 ἡλιακοῦ
460 1644 679 1729 ὡροσκοπίου,
699 1641 735 1707 ἐν
753 1640 819 1708 τινὶ
838 1643 909 1730 ὥρη
926 1645 1033 1707 πόσον
1052 1641 1190 1728 ἀπορρεῖ

176 1747 268 1834 ύδωρ
288 1746 325 1812 ἐν
342 1758 381 1835 τῇ
400 1750 524 1838 τάφρῳ,
542 1747 596 1815 καί
615 1749 720 1825 οὕτως
735 1749 961 1834 στοχάσασθαι
979 1749 1017 1813 τὸ
1037 1747 1189 1834 ἐπιχορη·

177 1855 342 1938 γούμενον
368 1854 461 1943 ύδωρ
485 1855 522 1921 ἐν
544 1866 583 1942 τῇ
606 1854 711 1941 ἡμέρᾳ
732 1858 840 1921 πόσον
867 1853 972 1938 ἐστίν,
1000 1853 1075 1920 ὥστ’
1108 1851 1187 1921 οὐδὲ
1201 1871 1230 1912 1⁵

178 1959 358 2043 ἀναγκαῖόν
381 1959 450 2026 ἐστι
472 1962 532 2027 τὸν
550 1963 651 2044 ὄγκον
669 1971 727 2046 τῆς
750 1961 876 2047 ῥύσεως
894 1973 1020 2048 τηρεῖν·
1044 1962 1100 2027 διά
1122 1963 1187 2048 γάρ

176 2076 237 2132 τοῦ
259 2069 383 2154 χρόνου
406 2067 489 2150 δήλη
513 2065 604 2132 ἐστὶν
620 2067 641 2151 ἡ
660 2071 808 2152 χορηγία
847 2066 1127 2152 [ἀποφανούμεθα
1145 2068 1186 2152 δὴ

176 2173 237 2255 την
260 2172 445 2256 άνάβλυσιν
466 2181 524 2257 τῆς
545 2182 651 2257 πηγῆς
674 2174 849 2239 δακτύλων
873 2177 930 2258 ιβλ.

243 2282 293 2363 λβ.
311 2277 401 2344 Ἐπεί
420 2273 482 2344 οὖν
500 2280 557 2344 διά
575 2288 632 2362 τῆς
650 2283 972 2364 κατασκευασθείσης
990 2281 1070 2364 ἡμῖν
1093 2283 1187 2347 διόπ-

176 2409 255 2469 τρας
281 2388 339 2462 τάς
366 2382 419 2451 ἐπί
446 2394 507 2470 γῆς
535 2389 646 2471 χρείας
673 2388 756 2473 πρὸς
783 2389 841 2464 τάς
868 2389 1061 2472 διοπτρικάς
1088 2387 1185 2470 ἐπαγ·
1200 2403 1228 2444 ²0

175 2494 286 2574 γελίας
309 2489 532 2576 ἀπεδείξαμεν,
556 2493 738 2578 εὔχρηστον
761 2489 801 2557 δέ
822 2491 912 2559 ἐστιν
934 2494 981 2569 είς
1002 2495 1108 2558 πολλά
1130 2491 1186 2559 καὶ

175 2597 259 2685 πρὸς
280 2600 320 2663 τά
343 2597 484 2683 οὐράνια
505 2599 588 2685 πρὸς
615 2599 653 2664 τὸ
681 2600 738 2674 τάς
765 2609 832 2664 τῶν
859 2597 1016 2664 ἀπλανῶν
1039 2597 1186 2685 ἀστέρων

175 2703 196 2788 ἣ
219 2702 365 2769 παλτῶν
387 2708 563 2788 πλανητῶν
585 2703 780 2782 ἀποστάσεις
803 2703 941 2788 εἰδέναι,
969 2703 1186 2790 ἀποδείξομεν

175 2811 233 2875 διά
255 2819 312 2894 τῆς
334 2811 492 2898 διόπτρας
514 2811 558 2888 ὡς
581 2812 633 2876 δεῖ
655 2809 709 2876 καί
727 2813 767 2876 τά
785 2811 955 2895 (τούτων)
974 2810 1185 2896 ἀποστήματα

175 2917 364 3001 λαμβάνειν.
402 2915 438 2982 ἐν
456 2918 520 3003 γάρ
538 2925 584 3005 τῷ
602 2917 667 2982 ὑπὸ
687 2916 828 3004 γαστέρα
846 2926 906 2982 τοῦ
929 2918 1103 3002 τυμπάνου
1125 2927 1185 2984 τοῦ
1199 2934 1225 2976 2⁵

176 3022 214 3088 ἐν
237 3032 277 3109 τῇ
300 3024 440 3110 διόπτρηι
462 3024 586 3089 κύκλον
603 3024 775 3110 γράψομεν
792 3022 868 3108 περὶ
887 3025 923 3089 τὸ
946 3023 1027 3088 αὐτὸ
1046 3023 1190 3112 κέντρον

197 3315 201 3320 ·
246 3286 505 3359 ῖάπολαμβάνεινε
525 3287 631 3342 correxi
681 3289 748 3342 4τδ
761 3284 939 3356 περιστόμιον
993 3287 1103 3358 8πηγὴ
1119 3285 1135 3356 ἢ
1151 3289 1184 3344 τὸ
1225 3337 1230 3350 ,

176 3361 267 3429 εὑρεῖν
300 3365 386 3413 9-10
400 3358 431 3413 τὸ
445 3358 534 3428 πάχος
567 3366 598 3414 11
609 3359 628 3414 f.
640 3355 846 3430 ἐπιχορηγείται
859 3356 935 3427 ύδωρ
969 3365 1072 3413 11-12
1087 3361 1132 3414 διο
1147 3361 1182 3428 δη

212 3435 315 3486 17-18
335 3429 436 3499 δὲτὴν
493 3436 526 3484 18
545 3431 689 3485 δακτύλων
713 3433 816 3485 δεδεκα
839 3428 912 3499 (sic);
930 3429 1001 3484 haec
1023 3431 1184 3498 transposui

175 3501 205 3555 in
218 3519 258 3556 vs.
274 3505 297 3556 ὃ.
345 3507 378 3555 19
393 3501 442 3556 διά
456 3501 607 3556 deleverim
655 3507 689 3556 24
704 3501 850 3575 (τούτων)
866 3499 963 3553 addidi
1009 3506 1042 3554 26
1056 3521 1093 3554 τω
1108 3521 1191 3556 αυτω·

25 3610 83 3634 .-
175 3593 293 3642 κεντρω,
313 3573 363 3627 sed
381 3588 415 3626 ex
432 3581 470 3627 τῶ
489 3575 563 3628 αὐτα
582 3573 634 3629 feo.
653 3574 684 3627 τὸ
703 3573 771 3627 αὐτὸ
790 3587 864 3625 man.
880 3576 893 3624 1
