2606 3868
180 203 224 266 32
345 205 495 256 ΗΡΩΝΟΣ
514 202 782 262 ΑΔΒΞΔΝΔΡΒΩΣ
801 205 987 260 mmmm
1004 208 1028 257 A

181 367 215 430 αἱ
232 368 356 448 ΚΗΛ,
378 369 501 430 ΜΘΝ.
539 371 613 430 ἴσον
637 367 700 451 άρα
724 365 793 431 ἐστὶ
816 369 853 432 τὸ
871 364 933 452 μὲν
950 371 1064 433 ΑΚΗ
1076 371 1198 453 τρίγω-

181 496 243 536 υου
269 479 315 559 τῳ
343 475 461 556 ΒΗΛ,
488 473 526 537 τὸ
554 469 592 538 δὲ
614 477 727 538 AM&
754 481 799 560 τῷ
824 477 939 539 ΓΝΘ·
967 477 1050 542 ὥστε
1077 484 1197 540 κοινοῦ

180 577 423 662 προστεθέντος
435 587 495 644 τοῦ
509 584 542 642 Α
550 582 587 642 Η
588 582 619 644 Α
624 584 663 644 Ν
665 583 732 643 ΘΔ
747 577 949 667 ἑξαπλεύρου
963 588 1038 647 ἴσον
1052 584 1143 646 ἔσται
1156 583 1197 646 τὸ

181 687 337 749 ΚΛΜΝ
350 687 695 771 παραλληλόγραμμον
713 693 759 773 τῳ
779 690 916 752 ΑΒΓΔ
934 693 1101 776 τραπεζίῳ.
1140 687 1198 753 καὶ

182 789 252 855 ἐπεὶ
276 798 330 876 ἴση
355 791 445 859 ἐστὶν
466 793 487 876 ἡ
510 790 571 878 μὲν
595 802 666 864 ΑΚ
685 808 724 883 τῇ
748 798 828 879 ΒΛ,
851 794 872 877 ἡ
896 791 932 860 δὲ
955 800 1038 860 ΔΜ
1054 806 1092 882 τῇ
1113 797 1196 878 ΓΝ,
1225 811 1237 851 5

182 901 216 965 αλ
235 903 298 990 άρα
316 909 388 969 ΑΚ
404 911 486 972 ΔΜ
500 913 568 971 ἴσαι
587 904 672 971 εἰσὶν
690 915 761 980 ταῖς
775 908 841 969 ΒΛ
859 908 898 968 Ν
900 906 935 968 Γ.
957 915 1081 968 κοινῶν
1093 920 1197 988 προσ-

181 1015 342 1076 τεθεισῶν
361 1024 427 1078 τῶν
446 1018 515 1077 ΑΔ
534 1016 606 1077 ΑΝ
622 1015 711 1077 ἔσται
726 1012 976 1095 συναμφότερος
994 1009 1014 1094 ἡ
1029 1013 1110 1075 ΚΜ
1111 1014 1185 1074 ΑΝ
1185 1059 1195 1092 ,

181 1116 331 1183 τουτέστι
345 1119 407 1184 δύο
423 1121 457 1184 αλ
470 1123 554 1203 ΚΜ,
569 1116 808 1205 συναμφοτέρῳ
826 1128 865 1203 τῇ
881 1122 949 1180 ΑΔ
963 1119 1031 1182 ΒΓ
1045 1123 1108 1199 ἴση.
1140 1116 1197 1181 καὶ

182 1224 251 1287 ἔστι
265 1225 405 1291 δοθεῖσα
420 1226 670 1310 συναμφότερος
683 1225 703 1310 ἡ
720 1230 784 1289 ΑΔ
793 1227 864 1288 ΒΓ·
879 1227 947 1289 ἔστι
961 1225 1025 1309 γάρ
1039 1224 1197 1308 μονάδων

181 1333 237 1414 κβ·
255 1333 386 1397 ἔσονται
406 1334 470 1417 άρα
487 1331 543 1396 καὶ
562 1333 596 1396 αλ
615 1333 676 1398 δύο
696 1334 730 1396 αλ
748 1335 830 1396 ΚΜ
842 1332 998 1416 μονάδων
1016 1333 1069 1414 κβ·
1089 1329 1195 1413 (αὐτὴ
1212 1345 1237 1384 1⁰

183 1437 246 1522 άρα
264 1437 285 1520 ἡ
304 1441 403 1522 ΚΜ)
421 1439 577 1522 μονάδων
596 1464 638 1504 ια.
676 1438 759 1504 άλλά
777 1436 832 1503 καὶ
850 1437 870 1521 ἡ
885 1441 920 1502 K
923 1441 954 1502 Α
972 1438 1129 1521 μονάδων
1147 1439 1195 1519 ιβ·

182 1549 236 1626 ἴση
260 1546 323 1630 γάρ
348 1543 416 1609 ἐστι
439 1555 478 1630 τῇ
503 1550 534 1608 Α
556 1546 619 1627 <Ζ·
642 1547 679 1610 τὸ
703 1547 766 1630 άρα
789 1543 967 1627 ΚΛΝΜ>
989 1545 1196 1628 παραλληλό-

182 1673 336 1734 γραμμον
354 1653 444 1716 ἔσται
458 1653 614 1736 μονάδων
629 1655 699 1737 ρλβ.
736 1649 790 1715 καὶ
805 1653 896 1716 ἔστιν
910 1657 985 1716 λσον
998 1658 1044 1736 τῷ
1059 1652 1196 1714 ΑΒΓΔ

181 1761 353 1844 τραπεζίῳ·
373 1760 463 1823 ἔσται
482 1760 545 1845 άρα
563 1758 673 1824 καὶτὸ
693 1760 830 1823 ΑΒΓΔ
848 1755 1021 1843 τραπέζιον
1038 1757 1196 1841 μονάδων

183 1866 254 1947 ρλβ.
290 1865 572 1949 <συντε>θήσεται
591 1861 628 1930 δὲ
643 1864 837 1940 ἀκολούθως
851 1873 889 1950 τῇ
905 1862 1063 1928 άναλύσει
1078 1863 1195 1939 οὕτως·
1212 1881 1237 1920 16

183 1969 285 2053 ἄφελε
308 1970 372 2036 άπὸ
395 1983 462 2037 τῶν
486 1992 518 2045 ις
540 1974 598 2049 τὰς
622 1991 654 2045 ς·
677 1975 849 2054 γίγνονται
872 1968 984 2036 λοιπαὶ
1006 1995 1026 2034 ι.
1067 1970 1197 2035 τούτων

182 2075 220 2140 τὸ
247 2076 349 2161 ἥμισυ
376 2101 401 2142 ε.
446 2076 626 2142 καὶταῦτα
650 2075 700 2161 ἐφ’
729 2075 841 2142 ἑαυτά·
869 2080 1041 2159 γίγνονται
1064 2095 1112 2142 κε·
1140 2075 1195 2140 καὶ

183 2181 223 2246 τά
247 2206 281 2264 ιγ
303 2181 354 2267 ἐφ’
383 2181 496 2248 ἑαυτά·
519 2187 691 2265 γίγνονται
715 2182 788 2268 ρξθ.
833 2184 935 2266 άφελε
957 2183 997 2246 τά
1019 2201 1068 2246 κε·
1097 2184 1195 2247 λοιπά

184 2289 257 2373 ρμδ.
303 2290 430 2356 τούτων
457 2291 584 2374 πλευρά
611 2293 759 2371 γίγνεται
782 2289 871 2371 <ιβ·>
900 2290 990 2352 ἔσται
1011 2287 1032 2370 ἡ
1055 2288 1197 2365 κάθετος

183 2397 339 2480 μονάδων
363 2399 405 2480 ιβ.
447 2397 483 2460 τὸ
507 2391 544 2459 δὲ
568 2394 713 2480 ἐμβαδὸν
736 2395 853 2471 οὕτως·
877 2395 1000 2469 σύνθες
1022 2397 1062 2459 τὰ
1086 2416 1123 2468 ις
1140 2393 1196 2459 καὶ
1211 2413 1239 2454 εο

88 2532 116 2562 0·
153 2521 166 2544 v
184 2505 224 2569 τά
239 2524 269 2578 ς·
283 2501 445 2591 γάνυνται
465 2506 524 2587 κβ·
544 2497 591 2568 ὧν
605 2504 718 2587 ἥμισυ
734 2506 905 2585 γίγνονται
920 2521 967 2566 ια·
983 2502 1127 2585 <ταῦτα>
1142 2500 1196 2566 ἐπὶ

183 2613 244 2695 τὴν
257 2611 414 2676 κάθετον·
428 2613 576 2692 γίγνεται
591 2615 635 2695 ρλ
641 2613 675 2693 β·
694 2610 862 2675 τοσούτων
881 2611 971 2674 ἔσται
990 2609 1026 2673 τὸ
1042 2607 1196 2692 ἐμβαδόν.

251 2719 293 2800 ιβ.
312 2715 419 2780 Ἔστω
447 2715 621 2801 τραπέζιον
648 2715 831 2800 ὀξυγώνιον
858 2716 895 2780 τὸ
922 2717 1060 2779 ΑΒΓΔ
1086 2714 1197 2793 ὀξεῖαν

184 2825 261 2907 ἔχου
293 2823 353 2905 τὴν
384 2822 468 2906 πρὸς
498 2846 543 2910 τῳ
572 2827 600 2887 Β
630 2847 769 2907 γωνιαν,
801 2820 856 2886 καὶ
884 2824 965 2886 ἔστω
993 2821 1063 2905 ἡμ
1065 2818 1102 2886 δν
1130 2825 1196 2900 ΑΒ

183 2929 341 3013 μονάδων
364 2952 408 3011 ιγ,
430 2928 451 3013 ἡ
475 2925 512 2994 δὲ
531 2932 597 2994 ΓΔ
619 2930 775 3014 μονάδων
797 2953 827 3012 κ,
850 2928 870 3012 ἡ
894 2924 932 2992 δὲ
949 2932 1019 2991 ΑΔ
1039 2929 1196 3012 μονάδων
1211 2949 1238 2988 25

185 3056 219 3119 ς,
247 3035 267 3118 ἡ
296 3030 333 3099 δὲ
355 3037 424 3099 ΒΓ
445 3036 601 3119 μονάδων
627 3040 679 3115 κζ·
708 3036 819 3121 εὑρεῖν
842 3034 945 3100 αὐτοῦ
968 3033 1029 3118 τὴν
1051 3035 1196 3101 κάθετον

184 3140 299 3207 καὶτὸ
324 3140 476 3226 ε’μβαδόν.
516 3144 610 3226 ἤχθω
634 3151 673 3227 τῇ
696 3145 760 3207 ΓΔ
782 3142 991 3227 παράλληλος
1013 3140 1033 3226 ἡ
1052 3146 1121 3206 ΑΒ
1140 3139 1197 3206 καὶ
1236 3127 1239 3132 ’

184 3250 323 3326 κάθετος
350 3248 370 3331 ἡ
393 3253 468 3312 ΑΖ.
513 3249 533 3331 ἡ
562 3245 623 3334 μὲν
646 3249 710 3334 ἄρα
733 3251 801 3313 ΑΕ
822 3251 913 3313 ἔσται
936 3249 1092 3332 μονάδων
1114 3269 1147 3313 κ·
1174 3249 1195 3332 ἡ

256 3449 271 3495 2
293 3445 349 3496 ΓΗ
354 3443 390 3498 Θι
410 3441 516 3495 correxi
585 3446 601 3493 3
620 3438 832 3508 προστιθέντοςε
852 3438 958 3492 correxi
1023 3443 1195 3496 7KMAH:

185 3513 291 3568 correxi
345 3520 378 3568 10
398 3531 437 3581 sq.
454 3511 577 3581 spatium
595 3517 611 3564 8
630 3509 801 3577 litterarum
821 3509 949 3579 supplevi
1004 3516 1037 3565 12
1058 3510 1160 3564 lacuna
1179 3519 1195 3567 9

63 3633 69 3635 .
185 3585 356 3654 litterarum
376 3583 503 3654 supplevi
575 3588 607 3636 21
628 3582 758 3654 (ταῦτα)
777 3599 812 3636 m.
829 3587 853 3635 2.
