2606 3868
134 197 178 264 54
300 164 449 254 Ηοωιιοέ
467 197 734 260 mmmm
751 202 980 254 Μυτοικωαι

133 357 188 425 καὶ
212 363 302 426 ἔστιν
324 361 420 428 ἑκτον
447 361 546 449 μέρος
572 372 633 428 τοῦ
661 361 840 446 ἑξαγώνου·
868 360 972 429 δοθὲν
1000 365 1064 448 άρα
1090 361 1145 428 καλ

133 467 171 532 τὸ
195 471 401 542 ΑΒΓΔΕΖ
429 465 607 551 ἑξάγωνον.
631 473 869 554 συντεθησεται
892 466 930 534 δὲ
960 468 1077 546 ούτως·
1104 472 1145 535 τά

135 598 147 636 ι
175 571 224 658 ἐφ’
258 571 369 638 ἑαυτά·
398 577 523 657 γίνεται
547 599 575 661 ρ.
621 585 724 640 ταῦτα
753 573 804 661 ἐφ’
832 573 944 641 ἑαυτά·
971 579 1144 659 γίγνονται

132 690 164 798 ά.
201 715 328 780 τούτων
350 716 387 781 τὸ
411 714 580 801 τέταρτον·
604 720 752 800 γίγνεται
776 721 841 804 Ιβφ.
877 726 985 796 ταῦτα
998 718 1143 784 εἰκοσάκι

132 836 187 903 καὶ
201 836 327 905 ἑπτάκι·
346 822 595 926 γίγνεταιμΙζφ.
614 842 742 906 τούτων
751 839 831 926 λαβὲ
839 844 988 928 πλευράν
997 845 1143 926 ἔγγιστα·
1171 859 1184 899 5

132 949 279 1028 γίγνεται
294 953 370 1012 συθ.
397 949 558 1013 τοσούτου
574 951 665 1012 ἔσται
679 949 716 1013 τὸ
731 947 876 1032 ἐμβαδὸν
890 957 949 1013 τοῦ
965 947 1143 1030 ἑξαγώνου.

199 1055 327 1136 Λῆμμα.
365 1050 444 1119 Ἐάν
479 1055 527 1130 εἰς
562 1054 686 1119 κύκλον
721 1052 912 1137 ἑπτάγωνον
945 1056 1144 1141 ἰσόπλευρον

133 1156 296 1244 ἐγγραφῇ,
319 1159 339 1242 η
363 1158 399 1224 ἑκ
421 1169 481 1225 τοῦ
504 1159 644 1247 κέντρου
666 1170 726 1225 τοῦ
748 1160 873 1226 κύκλου
895 1162 978 1245 πρὸς
1000 1161 1061 1244 τὴν
1083 1171 1143 1227 τοῦ

133 1260 325 1346 ἑπταγύνου
347 1268 496 1352 πλευράν
514 1269 616 1350 λόγον
638 1269 714 1351 ἔχει,
738 1266 821 1351 ὃ<ν>
846 1291 867 1350 η
889 1268 973 1351 πρὸς
995 1271 1019 1346 ζ.
1060 1270 1142 1333 ἔστω

131 1371 195 1455 γάρ
218 1371 338 1448 κύκλος
361 1371 378 1437 ὁ
402 1375 469 1436 ΒΓ
486 1369 562 1457 περὶ
583 1371 723 1457 κέντρον
745 1374 781 1438 τὸ
805 1378 847 1456 A,
869 1371 924 1438 καὶ
947 1372 1143 1459 ἐνηρμόσθω
1157 1393 1184 1430 1⁰

132 1476 180 1552 εἰς
207 1476 310 1542 αὐτὸν
338 1476 504 1561 ἑξαγώνου
530 1481 658 1564 πλευρά
684 1479 704 1562 η
728 1483 801 1563 ΒΓ,
828 1477 999 1546 τουτέστιν
1026 1485 1081 1563 ἴση
1104 1489 1142 1566 τῇ

133 1581 169 1647 ἐκ
195 1591 255 1648 τοῦ
282 1579 431 1670 κένΙτρου
458 1593 518 1649 τοῦ
545 1585 682 1650 κύκλου·
710 1583 764 1650 καλ
790 1585 931 1662 κάθετος
959 1584 1014 1650 ἐπ’
1039 1585 1144 1668 αὐτὴν

131 1688 152 1771 ἡ
180 1694 257 1768 ΑΛ.
306 1691 397 1754 ἔσται
438 1691 501 1774 άρα
532 1689 553 1772 ἡ
582 1696 651 1755 ΑΔ
682 1691 727 1768 ὡς
758 1685 893 1774 ἔγγιστα
925 1697 979 1775 ἴση
1012 1701 1050 1777 τη
1082 1701 1142 1757 τοῦ

132 1793 324 1878 ἑπταγύνου
346 1800 481 1882 πλευρᾷ.
527 1797 776 1880 ἐπεζεύχθωσαν
802 1798 836 1862 αλ
859 1801 940 1880 BA,
967 1803 999 1861 Α
1006 1800 1046 1860 Γ·
1075 1799 1143 1863 ἰσό-

130 1905 277 1987 πλευρον
313 1903 377 1988 άρα
413 1900 482 1967 ἐστὶ
513 1904 550 1968 τὸ
583 1906 687 1967 ΑΒΓ
718 1906 891 1990 τρίγωνον.
945 1905 1142 1988 τριπλάσιον
1155 1923 1181 1963 1⁵

131 2009 195 2093 άρα
223 2007 291 2073 ἐστὶ
318 2010 355 2074 τὸ
383 2009 446 2075 άπὸ
475 2018 532 2093 τῆς
559 2014 628 2074 ΑΛ
655 2019 715 2074 τοῦ
743 2009 807 2075 άπὸ
835 2019 891 2094 τῆς
918 2015 993 2075 ΛΒ.
1043 2013 1142 2094 λόγος

131 2114 195 2199 άρα
221 2123 278 2197 τῆς
300 2119 372 2179 ΑΛ
395 2115 477 2201 πρὸς
494 2099 566 2180 ΑΒ
584 2116 724 2200 δυνάμει
751 2116 796 2192 ὡς
822 2119 955 2199 ἔγγιστα
982 2115 1052 2198 ὃ[ν]
1081 2127 1141 2182 τοῦ

130 2225 180 2303 μθ
207 2220 289 2305 πρὸς
312 2240 362 2294 ,ις’
389 2218 444 2285 καὶ
471 2224 565 2306 μηκει
593 2224 691 2304 λόγος
714 2230 771 2305 τῆς
793 2227 863 2287 ΑΛ
885 2224 969 2307 πρὸς
991 2227 1072 2306 ΑΒ,
1100 2223 1141 2289 ὃν

131 2328 147 2404 ζ
172 2326 256 2409 πρὸς
283 2327 312 2390 δ.
360 2324 416 2390 καὶ
443 2329 512 2392 ἔστι
539 2336 596 2410 τῆς
623 2331 689 2392 ΒΛ
717 2329 816 2410 διπλῆ
844 2327 864 2410 ἡ
888 2331 964 2393 ΒΓ·
992 2338 1049 2412 τῆς
1076 2333 1145 2394 ΒΓ

131 2431 195 2516 άρα
216 2433 299 2517 πρὸς
321 2438 391 2497 ΔΛ
414 2436 513 2516 λύγος
536 2431 636 2517 ἐστὶν,
659 2432 699 2498 ὃν
722 2437 786 2518 ἔχει
809 2435 849 2498 τὰ
871 2459 891 2517 η
915 2434 998 2519 πρὸς
1023 2438 1046 2513 ζ.
1154 2455 1181 2493 2⁰

197 2562 224 2603 κ.
249 2537 353 2605 Ἔστω
381 2538 573 2624 ἑπτάγωνον
601 2543 799 2625 ἰσόπλευρον
826 2541 862 2605 τὸ
891 2544 1140 2625 ΑΒΓΔΕΖΗ,

131 2639 171 2709 οὗ
195 2643 312 2730 ἑκάστη
334 2649 461 2733 πλευρά
479 2648 636 2732 μονάδων
659 2673 680 2712 ι.
721 2647 833 2733 εὑρεῖν
856 2647 959 2713 αὐτοῦ
982 2648 1018 2712 τὸ
1043 2647 1141 2731 ἐμβα-

131 2751 201 2816 δύν.
241 2753 391 2837 εἰλήφθω
411 2754 447 2819 τὸ
466 2753 605 2840 κέντρον
626 2763 686 2818 τοῦ
708 2751 785 2839 περὶ
808 2751 888 2818 αὐτὸ
911 2753 1036 2819 κύκλου
1054 2755 1090 2820 τὸ
1112 2758 1141 2818 Θ
1217 2814 1219 2822 ,

129 2855 185 2921 καὶ
204 2857 452 2944 ἐπεζεύχθωσαν
465 2861 499 2924 αἱ
518 2865 596 2943 ΔΘ,
614 2865 678 2924 ΘΕ
694 2858 749 2924 καὶ
767 2860 907 2936 κάθετος
926 2858 979 2925 ἐπὶ
993 2862 1055 2944 την
1072 2865 1143 2925 ΔΕ

129 2963 150 3046 ἡ
177 2967 249 3029 ΘΚ.
296 2968 394 3049 λόγος
421 2967 485 3052 άρα
512 2975 569 3049 τῆς
595 2971 661 3030 ΘΔ
682 2966 765 3052 πρὸς
788 2971 869 3049 ΛΕ,
898 2965 938 3031 ὃν
962 2992 982 3050 η
1005 2968 1089 3050 πρὸς
1114 2971 1180 3050 ξοδ

130 3071 213 3156 πρὸς
244 3068 282 3136 δὲ
313 3072 374 3155 τὴν
400 3075 484 3155 ΛΚ,
517 3070 557 3136 ὃν
583 3097 604 3156 η
632 3073 715 3155 πρὸς
742 3079 804 3155 γλ,
832 3070 1002 3137 τουτέστιν
1030 3073 1071 3138 ὃν
1103 3094 1141 3147 ις

130 3178 212 3259 πρὸς
231 3182 253 3257 ζ.
295 3179 377 3243 ὥστε
396 3186 453 3261 τῆς
477 3179 607 3258 Θ[Ε]Κ
626 3179 709 3263 πρὸς
730 3181 801 3242 ΚΔ
820 3180 918 3260 λόγος
939 3179 984 3254 ὡς
1007 3181 1141 3262 ἔγγιστα

131 3281 148 3346 ὁ
175 3294 243 3347 τῶν
271 3284 305 3347 ιδ
331 3279 365 3365 γ’
388 3283 471 3368 πρὸς
497 3283 557 3348 τὸν
586 3288 616 3366 ζ,
643 3281 814 3348 τουτέστιν
841 3282 882 3348 ὃν
908 3307 953 3366 μγ
979 3285 1063 3370 πρὸς
1089 3310 1139 3350 κα

183 3476 255 3558 ὀύ
275 3493 335 3565 Ιβφε
355 3507 423 3546 corr.
442 3510 478 3547 m.
499 3499 514 3546 3
596 3499 612 3547 9
632 3493 647 3548 ὁ
666 3513 698 3562 ηε
718 3492 824 3549 correxi
906 3499 939 3548 17
963 3491 1008 3548 ὃνε
1033 3493 1140 3548 correxi

26 3550 80 3560 ⁴*
166 3565 199 3614 ιτ
220 3561 395 3633 [E]de1.m.
416 3569 430 3617 1
450 3567 483 3634 (ι)
