2654 3868
183 189 248 252 228
318 188 468 241 ΗΡΩΝΟΣ
486 183 754 246 ΑΔΕΞΑΝΔΡΕΩΣ
772 189 860 238 ΠΕΡΙ
878 186 1062 239 ΔΙΟΠΤΡΔΣ

179 349 396 436 παράλληλον
422 356 468 436 τῷ
496 347 654 434 ὁρίζοντι,
681 348 726 431 μή
753 349 1019 433 ιιροσεηγίσαντα
1042 353 1088 432 τῷ
1111 345 1198 432 ὁρω-

182 454 271 542 μένῳ
294 458 425 542 σημείῳ.
462 459 543 520 ἔστω
566 455 603 521 τὸ
627 450 733 519 όοθὲν
751 463 887 538 σημεῖον
908 451 1074 538 μετέωρον
1094 453 1132 518 τὸ
1151 458 1196 536 Α,

181 562 219 625 τὸ
244 557 281 626 δὲ
304 558 347 626 δι’
379 561 474 645 ήμῶν
502 560 659 627 ἐπίπεδον
687 561 743 624 διὰ
772 569 833 625 τοῦ
857 563 893 624 Β.
939 562 1064 624 κείσθω
1088 553 1194 642 οὖνή

175 668 323 753 Ιόιόιττρα
354 669 438 753 πρὸς
469 675 516 754 τῷ
544 671 586 732 Β·
618 664 672 731 καὶ
705 669 880 742 στυλίσκος
911 661 974 749 μὲν
1000 668 1144 731 νοείσθω
1176 665 1194 730 ὁ

54 768 60 780 '
178 776 260 856 ΒΓ,
292 773 310 839 ὁ
339 770 376 838 δὲ
403 774 603 857 κινούμενος
631 773 743 837 κανὼν
775 772 826 836 δι’
854 767 895 836 οὗ
928 772 1147 855 διοπτεύομεν
1169 771 1194 854 Ὶό
1225 790 1238 830 ⁵

174 881 291 944 ΔΓΕ.
327 876 382 944 καὶ
404 884 574 963 κινείσθω,
598 881 693 965 ἄχρις
716 877 759 943 ἂν
782 887 870 963 φωνή
895 875 940 942 δι’
966 877 1070 945 αὐτοῦ
1093 879 1130 942 τὸ
1148 884 1194 942 A·
1252 911 1254 914 ·

176 983 236 1048 ’καὶ
268 983 426 1069 μένοντος
458 987 562 1051 αὐτοῦ
594 985 767 1068 ιἰκινήτου,
796 981 917 1068 μεταξὺ
949 977 1016 1067 τῆς
1037 984 1196 1069 θιόιττρας

179 1088 234 1154 καὶ
261 1100 321 1154 τοῦ
344 1097 377 1155 A
405 1096 543 1175 σημείου
571 1091 677 1177 ἕτεροι
706 1091 768 1154 δύο
796 1092 936 1166 κανόνες
969 1090 1196 1173 ἐγκείσθωσαν

180 1197 213 1260 οἱ
233 1199 310 1278 ΖΗ,
336 1199 403 1260 ΘΚ
424 1194 535 1282 ὀρθοὶ,
558 1195 762 1278 ἄνισοῦψεῑς,
786 1189 835 1260 ὧν
857 1195 875 1260 ὁ
894 1191 955 1279 μὲν
972 1199 1092 1279 μείζων
1111 1199 1192 1260 ἔστω

180 1298 233 1365 ε’ττὶ
258 1303 298 1365 τὰ
320 1302 403 1387 πρὸς
425 1301 462 1365 τὸ
486 1306 519 1364 A
540 1299 632 1386 μέρη.
652 1344 655 1348 ,
673 1302 710 1365 τὸ
735 1297 772 1366 δὲ
795 1302 920 1384 ἔδαφος
943 1303 1087 1365 νοείσθω
1110 1302 1194 1366 κατὰ
1211 1320 1238 1359 10

178 1417 236 1491 τής
264 1410 401 1471 ΒΖΘΛ
430 1415 581 1492 γραμμῆς
607 1407 652 1483 ὡς
679 1409 794 1492 ἔτυχεν
822 1406 986 1492 ὑπάρχον·
1016 1407 1053 1471 τὸ
1085 1402 1190 1475 δέδι’

178 1513 273 1597 ήμῶν
296 1511 539 1596 ἐκβαλλόμενον
563 1512 721 1579 ἐπίπεδον
742 1513 957 1599 παράλληλον
979 1520 1025 1599 τῷ
1049 1512 1192 1598 ὁρίζοντι

180 1622 326 1684 νοείσθω
349 1621 387 1683 τὸ
406 1620 489 1683 κατὰ
506 1628 564 1702 τῆς
583 1622 649 1684 ΒΛ
668 1619 809 1695 εὐθείας.
846 1617 1113 1704 παραγέσθωσαν
1131 1613 1193 1682 οὖν

72 1741 162 1784 fol-68¹
180 1727 213 1791 ολ
238 1729 319 1808 ΖΗ,
350 1729 418 1790 ΘΚ
442 1728 594 1808 κανόνες,
622 1727 717 1811 όίχρις
740 1725 783 1790 όν
810 1722 867 1812 λίπ’
900 1723 1035 1801 εὐθείας
1062 1735 1193 1808 φανῶσι

84 1860 106 1897 n.
121 1850 159 1890 εει
179 1839 226 1919 τῷ
250 1837 282 1895 A
304 1834 443 1919 σημείῳ,
468 1830 627 1914 μένοντος
654 1830 813 1914 ἀκινήτου
835 1839 896 1896 τοῦ
919 1836 952 1894 Δ
958 1833 1022 1895 ΓΕ
1042 1832 1192 1918 κανόνος.
1209 1849 1238 1889 15

178 1939 401 2023 τεθεωρήσθω
431 1931 494 2001 οὖν
517 1935 570 2001 ἐπὶ
593 1933 654 2020 μὲν
680 1946 740 2002 τοῦ
767 1939 836 2000 ΖΗ
855 1939 996 2012 κανόνος
1018 1937 1056 2001 τὸ
1080 1939 1119 2004 Η
1137 1952 1192 2018 ση-

178 2053 282 2128 μεῖον,
306 2041 359 2107 εἰτὶ
383 2039 420 2107 δὲ
442 2051 503 2107 τοῦ
529 2045 597 2106 ΘΚ
616 2043 654 2107 τὸ
673 2045 714 2106 Κ.
759 2040 814 2106 καὶ
842 2043 1082 2124 νενοήσθωσαν
1106 2041 1194 2124 ἐκβε-

178 2147 338 2233 βλημέναι
371 2150 406 2213 αἱ
442 2151 522 2231 ΖΗ,
555 2151 623 2212 ΘΚ
654 2146 707 2212 ἐπὶ
739 2150 780 2212 τόι
807 2152 860 2230 Μ,
889 2151 935 2212 Ν·
963 2146 1018 2212 καὶ
1048 2154 1094 2234 τῷ
1128 2151 1194 2211 BA

177 2255 385 2338 παράλληλοι
411 2252 551 2337 ήγμέναι
579 2254 614 2317 αἱ
641 2251 723 2335 ΗΞ,
751 2256 822 2317 ΚΟ.
868 2254 1015 2318 δυνατὸν
1042 2251 1082 2317 δέ
1103 2251 1193 2317 ἐστιν

179 2357 421 2438 ἐπισκέψασθαι
450 2361 517 2423 τίνι
540 2356 609 2422 ἐστὶ
639 2359 928 2445 μετεωρ<ότερ>ον
957 2359 993 2423 τὸ
1024 2363 1051 2423 Ζ
1081 2367 1140 2425 τοῦ
1164 2363 1238 2422 1320

179 2464 514 2551 χωροβατήσαν<τα>·
543 2463 699 2550 ἑκάτερον
726 2465 789 2550 γὰρ
817 2475 885 2529 τῶν
912 2469 956 2548 Β,
990 2469 1017 2529 Ζ
1050 2467 1201 2549 σημείων,

178 2571 263 2655 πρὸς
284 2569 382 2654 ἡμᾶς·
406 2572 489 2636 ὥστε
508 2571 654 2635 δυνατὸν
677 2569 789 2656 εὑρεῖν
811 2571 873 2652 τήν
893 2574 976 2634 ΖΜ·
999 2570 1121 2655 ὁμοίως
1139 2568 1194 2635 καὶ

180 2677 240 2760 τήν
263 2680 342 2741 ΝΘ.
388 2678 450 2760 έχω
474 2673 512 2740 δὲ
534 2674 590 2740 καὶ
614 2674 771 2762 ἑκατέραν
793 2685 861 2740 τῶν
889 2679 972 2759 ΗΖ,
1000 2680 1083 2759 ΚΘ,
1111 2678 1194 2742 ὥστε

180 2785 330 2868 φανερόν
353 2781 444 2847 ἐστιν
465 2791 533 2846 τῶν
552 2786 640 2866 ΗΜ,
663 2785 746 2865 ΚΝ,
767 2782 864 2866 ήλίκη
889 2780 979 2847 ἐστὶν
1003 2780 1194 2867 <ἕκατέρα>,

174 2890 263 2980 ,ὥστε
281 2887 336 2953 καὶ
354 2887 374 2971 A
393 2889 538 2974 ὑπεροχή
561 2889 673 2954 αὐτῶν
694 2889 715 2972 A
735 2887 802 2962 ΚΞ
817 2887 913 2972 ήλίκη
937 2888 1035 2954 ἐστίν.
1063 2888 1195 2953 ἐτιστολ-
1209 2907 1238 2946 25

179 3002 268 3109 μεθα
290 2991 327 3058 δὲ
350 2992 486 3059 καὶ
427 2993 486 3078 A
484 3018 524 3078 κη
552 2993 643 3060 ἐστίν
669 2994 690 3078 A
719 2992 798 3068 ΗΞ·
825 2994 863 3058 τὸ
891 2994 955 3079 γάρ
982 2993 1103 3077 μεταξὺ
1126 3005 1194 3060 τῶν

252 3186 297 3240 ss
304 3181 670 3242 ἐκκείσθωσαυΚ.θοΙιοουο
702 3191 766 3240 1οτ
768 3185 861 3256 ρῷὸςτ
867 3183 992 3240 :correxi
1025 3185 1193 3240 1113ZOA:

180 3273 250 3312 corr.
259 3256 297 3310 Vi
349 3255 408 3312 Ana
389 3276 495 3326 αρχων.
510 3273 578 3311 corr.
590 3256 625 3311 Vi
680 3262 713 3310 15
728 3263 856 3337 σημειουι
871 3273 939 3311 corr.
950 3255 987 3309 Vi
1043 3261 1075 3308 16
1090 3258 1194 3310 τεθεω-

180 3325 297 3397 ρείσθωε
312 3344 379 3382 corr
390 3327 427 3381 Vi
477 3333 509 3382 17
525 3331 709 3396 νενοησθωτα
691 3325 724 3380 αλ
735 3327 808 3421 (sic):
824 3325 931 3381 correxi
981 3331 1085 3380 18-19
1100 3327 1188 3379 καὶ
1161 3346 1193 3381 το

181 3403 233 3452 BA
246 3397 436 3467 καράλληλονε
451 3397 558 3452 correxi
620 3403 653 3452 19
667 3395 700 3451 αί
712 3398 774 3454 ΝΞ
754 3399 853 3451 ΚΘ.
869 3413 937 3451 corr
948 3395 985 3451 Vi
1045 3402 1080 3449 20
1094 3414 1194 3464 μετεω-

180 3490 244 3538 pov:
260 3487 328 3524 corr.
338 3468 376 3522 Vi
438 3475 524 3538 212oe
504 3469 668 3550 ωροβατητα
669 3489 698 3523 ν.
714 3485 781 3523 corr.
792 3467 828 3521 Vi
891 3472 924 3520 22
941 3475 974 3534 τῆ
991 3470 1061 3520 ZM:
1077 3482 1145 3519 corr.
1156 3466 1194 3520 Vi

176 3547 251 3593 23
269 3548 302 3609 τῆ
323 3541 395 3596 NA:
415 3556 485 3595 corr.
498 3539 536 3593 Vi
608 3545 642 3592 24
661 3536 787 3607 supplevi
854 3542 888 3590 26
908 3537 925 3605 A
945 3537 1016 3594 ΝΞ.
1036 3553 1105 3591 corr.
1120 3536 1156 3589 Vi
