2654 3868
49 3545 105 3559 μ’.

165 173 230 236 242
299 174 448 227 ΗΡαΝοΣ
468 171 733 232 mmmmm
753 146 841 226 ΠΕΡι
857 174 1039 227 ΔιοαΤΡΑΣ

163 337 247 423 πρὸς
278 343 325 423 τῷ
354 337 424 421 ὄρει
452 335 638 419 ἀποστήσας
666 335 854 421 σύμμετρον
881 337 1059 420 διάστημα,
1090 334 1175 399 ὥστε

165 445 221 508 διδι
252 451 313 507 τοῦ
345 440 382 506 ἐν
410 451 450 528 τῇ
478 443 619 528 διόκτρα
650 445 792 518 κανόνος
824 443 890 526 άμα
921 451 1068 527 φανῆναι
1096 443 1174 516 τοὺς

165 553 238 632 ΓΕ,
260 554 292 612 Α
300 553 328 613 Ζ
350 551 500 625 κανόνας.
546 551 628 613 ἔστω
657 543 720 614 οὖν
746 548 766 631 ἡ
790 545 852 634 μὲν
879 551 1020 634 διόκτρα
1049 547 1069 630 ἡ
1094 551 1132 612 Η
1135 551 1173 631 Θ,
1252 537 1255 542 ’

164 655 183 721 δ
211 651 249 720 δὲ
276 653 313 719 ἐν
340 655 422 741 αὐτῇ
450 655 562 720 κανὼν
589 655 607 720 ὁ
636 656 717 720 ΚΛ·
747 653 802 720 καί
829 655 988 740 μένοντος
1015 665 1076 721 τοῦ
1099 656 1175 732 KA

164 764 306 838 κανόνος
328 761 487 844 ἀκινήτου
509 766 707 846 μετατίθημι
730 761 789 827 ἕνα
809 773 877 828 τῶν
896 766 969 845 ΓΕ,
992 767 1024 825 Α
1031 739 1067 826 ἶ
1075 763 1173 828 κανό-
1202 780 1215 820 5

165 892 250 952 νων,
274 869 317 944 ὡς
340 867 393 933 ἐπὶ
416 869 453 932 τὸ
478 871 522 933 Μ
538 879 689 953 σημεῖον,
713 871 904 955 ἔμπροσθεν
925 877 983 952 τῆς
1006 870 1174 953 διόπτρας,

166 976 210 1051 ὡς
237 977 296 1040 τὸν
318 978 410 1058 ΜΝ,
437 973 629 1060 περιφέρων
656 975 759 1040 αὐτὸν
784 975 907 1060 ὀρθόν,
934 977 1029 1060 άχρις
1052 973 1094 1039 δν
1117 975 1173 1038 διδ

166 1091 225 1147 τοῦ
239 1084 274 1146 Κ
278 1085 309 1145 Λ
331 1084 471 1158 κανόνος
494 1091 583 1168 φανῇ
607 1081 723 1146 &MN
740 1082 859 1146 κανών.
890 1079 944 1147 καὶ
968 1084 1059 1146 ἔσται
1082 1081 1118 1145 τὸ
1136 1084 1179 1144 Μ

167 1198 303 1272 σημεῖον
327 1189 409 1253 κατά
432 1188 577 1252 κάθετον
605 1190 758 1272 κείμενον
788 1195 833 1275 τῷ
862 1187 1029 1274 ὑπονόμῳ.
1073 1187 1175 1252 πάλιν

166 1296 207 1379 δὴ
238 1296 470 1379 μετατεθείσης
501 1303 558 1378 τῆς
590 1295 747 1380 διόπτρας
779 1297 970 1380 ἔμπροσθεν
1005 1302 1065 1359 τοῦ
1097 1297 1180 1358 ΜΝ
1189 1314 1216 1354 10

165 1403 308 1478 κανόνος
330 1398 383 1465 ἐπὶ
406 1402 443 1466 τὸ
466 1399 696 1486 Ξπεριφέρω,
724 1403 818 1487 ἄχρις
845 1400 888 1465 δν
914 1402 971 1465 διδι
993 1410 1053 1466 τοῦ
1077 1400 1114 1466 ἐν
1136 1410 1174 1486 τῇ

167 1509 308 1593 διόπτρα
330 1510 470 1584 κανόνος
493 1508 559 1591 άμα
586 1518 739 1591 φανῶσιν
763 1509 795 1572 ολ
819 1512 851 1570 Α
858 1512 899 1591 Ζ,
922 1511 1006 1572 ΜΝ
1023 1509 1174 1583 κανόνες·

167 1611 222 1678 καὶ
244 1615 347 1678 πάλιν
369 1612 527 1697 μένοντος
555 1623 614 1679 τοῦ
643 1613 679 1679 ἐν
706 1623 745 1700 τῇ
769 1615 911 1700 διόπτρα
938 1616 1079 1690 κανόνος
1107 1613 1175 1678 άκι-

167 1723 271 1804 νήεον
293 1718 464 1805 μεταφέρει
487 1721 547 1785 τὸν
565 1726 597 1784 Α
604 1725 631 1784 Ζ
654 1724 780 1786 κανόνα
801 1725 990 1806 ἔμπροσθεν
1008 1730 1065 1805 τῆς
1083 1722 1176 1786 διόπ-

168 1850 247 1912 τρας
273 1827 381 1912 ὀρθὸν
408 1827 453 1903 ὡς
481 1825 535 1892 ἐπὶ
563 1828 599 1892 τὸ
630 1830 658 1890 0
686 1838 823 1912 σημεῖον
849 1827 1039 1914 περιφέρων
1062 1827 1175 1910 αὐτὸν,
1191 1847 1219 1887 15

169 1932 230 2010 ἕως
253 1929 293 1999 οὗ
321 1935 378 1999 διά
405 1943 464 1998 τοῦ
492 1931 529 1998 ἐν
556 1943 595 2019 τῇ
627 1934 768 2020 διόπτρᾳ
789 1936 930 2010 κανόνος
953 1944 1042 2020 φανῇ
1066 1934 1084 1999 ὁ
1109 1937 1180 1998 ΟΠ

76 2069 97 2105 11.
112 2060 150 2099 σοι
169 2041 294 2106 κανών·
316 2038 371 2104 καὶ
395 2042 486 2104 ἔσται
508 2040 630 2124 ὁμοίως
652 2040 689 2104 τὸ
711 2043 739 2102 O
761 2042 842 2105 κατὰ
865 2041 1010 2105 κάθετον
1031 2048 1079 2129 τῷ
1096 2041 1177 2107 ὑπο-

169 2147 268 2232 νόμω.
297 2147 452 2222 ὡσαύτως
471 2141 509 2211 δὲ
526 2143 581 2211 καὶ
603 2144 697 2231 ἕτερα
714 2149 853 2212 πλείονα
867 2147 1046 2231 λαμβάνων
1060 2158 1177 2231 σημεῖα

168 2253 284 2338 γράψω
309 2251 345 2317 ἐν
369 2260 413 2339 τῷ
436 2255 506 2337 ὄρει
529 2255 697 2339 γραμμήν,
725 2253 797 2335 ἥτις
823 2263 912 2318 πᾶσα
929 2255 1011 2318 κατδι
1033 2254 1178 2319 κάθετον

169 2361 259 2423 ἔσται
281 2366 327 2446 τῷ
349 2359 517 2447 ὑπονόμῳ.
552 2358 616 2425 κάν
633 2361 834 2444 βουλώμεθα
857 2357 893 2425 δὲ
916 2358 970 2425 καί
994 2359 1030 2425 ἐκ
1052 2372 1119 2427 τῶν
1137 2364 1176 2443 Β,
1192 2380 1220 2420 2⁰

168 2470 202 2528 A
224 2476 333 2550 μερῶν
356 2467 395 2530 τδι
415 2465 497 2530 αὐτὰ
514 2476 634 2549 ποιεῖν,
659 2462 760 2531 οὐδὲν
778 2467 905 2532 διοίσει.
947 2465 1001 2531 ἐπὶ
1019 2475 1077 2550 τῆς
1095 2472 1176 2550 ληφ·

168 2575 286 2654 θείσης
301 2565 363 2636 οὖν
378 2569 414 2635 ἐν
429 2578 474 2657 τῷ
490 2572 559 2653 ὄρει
569 2581 720 2657 γραμμῆς
730 2572 933 2656 διαστήματα
942 2573 1176 2656 λαμβάνοντες,

169 2677 266 2762 ἡλίκα
298 2679 340 2742 άν
370 2678 585 2761 βουλώμεθα,
616 2676 672 2742 καὶ
699 2679 781 2742 κατὰ
807 2680 952 2744 κάθετον
979 2679 1178 2765 ὀρύσσοντες

170 2787 227 2861 τὰς
264 2788 421 2871 φρεατίας
452 2781 689 2869 ἐπιτεοξόμεθα
720 2795 780 2850 τοῦ
812 2785 994 2870 ὑπονόμον.
1046 2787 1108 2872 χρὴ
1139 2782 1178 2851 δὲ
1253 2819 1257 2823 ·

171 2902 263 2957 νοεῖν
289 2890 344 2956 καί
371 2892 495 2974 ταύτην
522 2892 583 2974 τὴν
610 2890 729 2975 δεῖξιν,
762 2891 806 2967 ὡς
837 2901 897 2956 τοῦ
924 2891 1097 2976 ὑπονόμου
1125 2891 1178 2958 ἐπὶ
1193 2911 1220 2952 ²⁵

170 3007 247 3083 μιᾶς
271 2998 404 3075 εὐθειας
427 3000 531 3074 ὄντος.

235 3103 297 3191 Ιιζ.
330 3102 457 3189 Λιμένα
488 3104 690 3189 περιγράψαι
724 3105 809 3188 πρὸς
844 3105 881 3169 τὸ
918 3101 1023 3170 δοθὲν
1054 3106 1178 3170 κύκλου

171 3221 289 3296 τμῆμα,
312 3223 378 3276 τῶν
400 3213 550 3297 περάτων
574 3211 677 3276 αὐτοῦ
701 3210 881 3276 δοθέντων.

243 3411 258 3458 ὃ
286 3413 340 3459 τῶν
369 3408 419 3460 ΓΑ
441 3409 492 3460 AZ
579 3412 594 3460 6
621 3405 652 3459 τὸ
682 3409 703 3459 Ζ
730 3411 843 3474 σημεῖον
930 3409 963 3456 12
991 3403 1020 3457 οί
1044 3408 1095 3458 AZ
1113 3407 1182 3458 ΜΗ

209 3481 311 3530 16-17
336 3475 351 3530 ὁ
376 3478 435 3531 ΘΠ
455 3477 549 3532 κανὼν
629 3481 661 3530 18
685 3475 816 3548 λαμβάνω
895 3480 999 3527 21-22
1022 3477 1179 3544 λειφθησης

209 3554 241 3601 23
260 3548 357 3616 ἡνίκας
377 3547 481 3602 correxi
554 3553 587 3601 28
605 3555 698 3617 τμῆμα
717 3564 751 3601 ex
770 3553 860 3615 σχῆμα
878 3545 929 3599 fec.
944 3551 1009 3601 m.1
