2644 3870
164 169 207 232 98
330 169 478 222 ΗΡΩΝΟΣ
497 163 763 226 ΑΛΕΞΑΝΔΡΕΩΣ
781 167 967 222 ΜΕΤΡΙΚΩΝ
984 170 1007 219 Β

231 333 260 414 β.
279 328 386 396 Ἔστω
414 330 455 413 δὴ
481 330 664 414 κύλινδρον
691 330 856 412 σκαληνὸν
882 339 1054 415 μετρῆσαι,
1085 324 1126 394 οὗ
1153 329 1174 412 ἡ

164 433 225 521 μὲν
258 436 431 521 διάμετρος
462 444 519 518 τῆς
551 437 676 519 βάσεως
708 437 863 522 μονάδων
892 461 918 518 ι,
949 436 987 500 τὸ
1020 431 1058 500 δὲ
1089 434 1175 514 ύψος

164 543 321 628 μονάδων
338 566 367 625 η.
408 541 493 619 ύψος
512 537 549 606 δὲ
566 548 655 606 καλῶ
674 542 734 625 τὴν
753 541 816 606 ἀπὸ
835 551 893 625 της
911 540 1052 628 ἐφέδροις
1071 542 1175 608 αὐτοῦ

164 649 308 713 κάθετον
330 645 496 732 ἀγομένην
519 645 572 712 ἐπὶ
595 647 631 711 τὸ
655 655 712 729 τῆς
735 645 833 732 ἕδρας
857 647 1022 713 ἐπίπεδουζ
1061 652 1175 734 νενοή-

166 760 238 819 σθω
262 755 302 837 δὴ
325 755 427 819 πάλιν
450 754 628 836 κύλινδρος
650 753 754 839 ὀρθὸς
773 752 837 818 ἀπὸ
855 762 912 836 τῆς
931 753 1032 838 αὐτῆς
1050 755 1176 838 βάσεως
1203 773 1219 814 ε

165 869 210 947 τῷ
228 859 455 946 προειρημένῳ
472 860 641 946 κυλίνδρῳ
659 858 744 937 ύψος
762 861 847 943 ἔχων
865 860 902 926 τὸ
916 859 1009 924 αὐτὸ·
1029 859 1099 926 ἐπεὶ
1113 856 1176 926 οὖν

166 969 198 1032 οἱ
226 968 375 1044 ἰσοϋψεῖς
400 977 502 1030 κῶνοι
525 963 580 1029 καὶ
602 966 776 1050 κύλινδροι
798 966 882 1051 πρὸς
904 964 1067 1049 ἀλλήλους
1091 965 1177 1032 εἰσὶν

166 1074 210 1150 ὡς
233 1074 266 1137 αἱ
289 1073 410 1156 βάσεις,
435 1073 466 1137 οἱ
490 1067 527 1136 δὲ
550 1069 716 1157 εἰρημένοι
735 1072 909 1157 κύλινδροι
928 1070 981 1137 ἐπὶ
999 1082 1056 1155 τῆς
1074 1072 1176 1155 αὐτῆς

166 1179 292 1262 βάσεώς
315 1181 400 1244 εἰσιν
422 1176 476 1242 καὶ
499 1178 564 1243 ὑπὸ
588 1178 625 1242 τὸ
650 1177 730 1242 αύτὸ
754 1177 849 1261 ὕψος,
874 1184 944 1255 ίσος
965 1179 1029 1264 ἀρα
1047 1177 1174 1244 ἐστὶνδ

166 1283 270 1367 ὀρθὸς
310 1285 488 1369 κύλινδρος
526 1291 571 1370 τῷ
609 1289 769 1370 σκαληυῷ.
823 1293 883 1348 τοῦ
920 1280 956 1348 δὲ
993 1285 1101 1370 ὀρθοῦ
1136 1286 1174 1350 τὸ
1190 1305 1219 1344 ιο

168 1393 302 1477 στερεόν
334 1389 424 1454 ἐστιν
456 1387 574 1453 δοθέν·
606 1392 643 1454 τύ
674 1412 710 1454 τε
736 1390 799 1474 γάρ
827 1389 913 1468 ύψος
940 1390 1043 1455 αὐτοῦ
1071 1389 1176 1456 δοθέν

168 1493 338 1596 ἔστινκαὶ
365 1495 385 1578 ἡ
409 1496 584 1580 διάμετρος
606 1505 663 1578 τῆς
685 1496 823 1578 βάσεως·
850 1493 905 1561 καὶ
928 1498 997 1561 ἔστι
1019 1498 1177 1581 μονάδων

167 1662 227 1721 χκη
254 1578 284 1703 δ,
331 1635 387 1702 καὶ
414 1646 474 1702 τοῦ
502 1642 669 1720 σκαληυοῦ
697 1638 760 1723 ἀρα
786 1637 823 1701 τὸ
852 1637 987 1723 στερεὸν
1014 1639 1176 1702 τοσούτου

170 1747 269 1809 ἔσται.

60 1869 103 1910 f01.
114 1870 151 1910 ευ
235 1875 265 1933 μ.
290 1848 417 1936 ΙἝστω
445 1850 486 1933 δὴ
513 1851 646 1931 στερεὸν
667 1851 996 1935 παραλληλεπίπεδον
1018 1858 1176 1934 μετρῆσαι
1190 1872 1219 1912 15

51 3538 104 3552 ῥ-

168 1958 204 2021 τὸ
228 1956 313 2034 ύψος
335 1958 412 2040 ἔχον
430 1958 474 2040 μη
491 1957 574 2042 πρὸς
592 1956 697 2041 ὀρθὰς
715 1965 754 2042 τῇ
773 1957 876 2040 βάσει.
917 1958 998 2020 ἔστω
1018 1952 1056 2020 δὲ
1074 1958 1177 2038 λόγου

167 2061 280 2126 ἕνεκεν
305 2062 325 2145 η
351 2059 412 2146 μὲν
435 2062 530 2146 βάσις
553 2061 656 2127 αὐτοῦ
681 2059 855 2145 έξάμωυος,
883 2062 1100 2147 <ῑσόπλευρος
1122 2060 1177 2127 καὶ

169 2168 364 2252 ίσομώυιος>
391 2167 411 2250 ἡ
435 2170 653 2250 ΑΒΓΔΕΖ,
678 2167 699 2250 ἡ
723 2163 760 2231 δὲ
783 2172 849 2232 ΑΒ
872 2169 999 2253 πλευρὰ
1021 2169 1177 2252 μονάδων

169 2300 197 2357 ι,
219 2273 240 2357 ἡ
263 2269 301 2338 δὲ
324 2273 387 2338 ἀπὸ
410 2283 467 2356 τῆς
491 2271 631 2358 ἐφέδρας
653 2273 793 2349 κάθετος
816 2271 960 2358 ἀγομένη
985 2272 1037 2338 ἐπὶ
1060 2275 1096 2338 τὸ
1120 2284 1178 2357 τῆς

169 2378 266 2466 ἕδρας
294 2379 449 2445 ἐπίπεδον
476 2383 557 2444 έστω
586 2380 740 2462 μονάδων
762 2399 797 2462 η·
823 2379 843 2462 ἡ
867 2376 904 2444 δὲ
927 2378 1050 2466 ἐφέδρα
1073 2380 1176 2446 αὐτοῦ
1191 2401 1220 2442 εο

169 2489 260 2552 ἔσται
299 2486 319 2569 ἡ
357 2489 590 2550 ΗΘΚΛΜΝ.
647 2483 714 2552 καί,
739 2484 802 2549 ἀπὸ
839 2494 896 2569 τῆς
933 2489 1182 2551 ΗΘΚΛΜΝ

168 2593 304 2658 κάθετοι
332 2594 490 2675 ἤχθωσαν
518 2589 570 2656 ἐπὶ
597 2591 634 2654 τὸ
662 2599 719 2673 τῆς
746 2589 845 2677 ἕδρας
872 2591 1028 2657 ἐπίπεδον
1053 2594 1087 2658 αἱ
1111 2591 1179 2666 ΗΞ

171 2703 235 2764 ΘΟ
248 2702 324 2763 ΚΠ
335 2703 400 2762 ΛΡ
411 2702 487 2762 ΜΣ
498 2699 574 2762 ΝΤ.
619 2695 673 2762 καὶ
702 2697 950 2781 ἐπεζεύχθωσαν
973 2700 1007 2764 αἱ
1030 2697 1092 2772 ΞΟ
1110 2703 1181 2762 ΟΠ

171 2811 242 2870 ΠΡ
256 2810 321 2869 ΡΣ
336 2809 407 2869 ΣΤ
425 2803 494 2878 ΤΞ·
524 2806 614 2869 ἔσται
641 2805 704 2889 ἀρα
731 2802 785 2869 καὶ
813 2805 849 2869 τὸ
878 2802 1086 2877 ΞΟΠΡΣΤ
1109 2803 1178 2883 ἑξά-

169 2936 280 2996 γωνον
313 2913 511 2996 ἰσόπλευρον
541 2908 596 2975 καὶ
630 2911 815 2992 ἰσογώνιον.
865 2908 934 2975 ε’πεὶ
967 2906 1030 2975 οὖν
1057 2913 1096 2976 τά
1124 2909 1177 2977 ἐπὶ
1191 2932 1220 2972 ιε

169 3029 227 3102 τῆς
259 3018 358 3101 αὐτῆς
387 3018 512 3101 βάσεως
539 3019 618 3082 ὄντα
646 3018 760 3103 στερεά
787 3019 1096 3102 παραλληλεπίπεδα
1122 3015 1177 3082 καὶ

168 3124 234 3191 ὑπὸ
262 3125 299 3190 τὸ
326 3124 405 3188 αὐτὸ
433 3123 517 3202 ύψος
544 3130 600 3188 ίσα
627 3122 782 3206 ἀλλήλοις
808 3120 912 3207 ἐστίν,
944 3128 1019 3189 ίσον
1049 3125 1113 3209 ἀρα
1139 3124 1176 3188 τὸ

170 3234 610 3298 ΑΒΓΔΕΖΗΘΚΛΜΝ
658 3232 791 3317 στερεὸν
840 3238 885 3317 τῷ
935 3227 1182 3304 ΞΟΠΡΣΤΗ

173 3341 361 3404 ΘΚΛΜΝ
371 3345 499 3425 στερεῷ.
519 3334 623 3403 δοθέν
637 3333 673 3402 δὲ
687 3337 724 3401 τὸ
735 3334 1179 3410 ΞΟΠΡΣΤΗΘΚΛΜΝ.

169 3463 383 3475 m

243 3537 346 3586 17-18
365 3529 491 3600 supplevi
