2606 3868
160 195 202 259 18
326 199 474 250 ΗΡααοΣ
493 197 760 257 mamm
779 199 964 263 αατειααα
983 201 1006 250 A

158 362 222 446 γάρ
250 360 341 425 ἐστιν
368 361 412 436 ὡς
440 360 458 425 6
480 364 547 424 AB
575 361 658 445 πρὸς
684 362 744 425 τὸν
766 363 844 444 ΒΓ,
871 359 976 436 οὕτως
1004 361 1022 425 ὅ
1047 384 1082 425 τε
1106 360 1171 426 άπὸ

158 471 225 532 ΑΒ
261 469 465 553 τετράγωνος
500 467 583 551 πρὸς
616 467 676 531 τὸν
707 467 773 532 ὑπὸ
804 469 909 532 ΑΒΓ
935 470 1174 552 περιεχόμενον
1206 481 1210 486 “

159 574 307 661 ἀριθμὸν
333 571 387 638 καὶ
415 573 433 638 6
460 573 525 638 ὑπὸ
554 571 658 660 ΑΒΓ
680 574 764 659 πρὸς
791 574 851 639 τὸν
879 573 942 638 ἀπὸ
968 578 1036 639 ΒΓ
1059 575 1172 660 τετρά-

158 705 280 764 γωνον,
303 683 394 745 ἔσται
417 682 482 765 ἄρα
503 678 557 744 καὶ
581 681 625 756 ώς
648 680 666 745 6
690 679 753 744 άπὸ
773 683 839 744 ΑΒ
862 682 1067 766 τετράγωνος
1087 681 1172 765 πρὸς

159 789 219 853 τὸν
241 786 307 852 ὑτιὸ
330 789 440 871 ΑΒΓ,
464 786 569 863 οὕτως
593 786 610 851 6
633 787 698 851 ὑπὸ
719 789 823 851 ΑΒΓ
841 788 924 868 πρὸς
946 787 1006 851 τὸν
1024 786 1088 851 ἀπὸ
1108 788 1177 850 ΒΓ
1201 807 1215 846 ⁵

156 895 374 980 τετράγωνον.
420 892 489 958 ἐπεὶ
517 888 580 958 οὖν
606 903 694 978 τρεῖς
720 891 861 979 ἀριθμοὶ
888 892 1055 976 άνάλογον
1077 895 1171 978 ἔχου-

159 1017 229 1085 σιν,
257 1004 348 1066 ἔσται
376 1001 393 1066 ὁ
418 999 484 1065 ὑπὸ
507 1011 575 1065 τῶν
598 1001 710 1086 άκρων
733 1005 805 1076 ίσος
827 1008 874 1088 τῷ
897 999 960 1065 ἀπὸ
984 1009 1044 1065 τοῦ
1066 998 1170 1084 μέσου

158 1109 365 1196 τετραγώνῳ·
393 1107 411 1172 6
439 1108 503 1194 άρα
530 1105 594 1171 ἀπὸ
623 1116 683 1171 τοῦ
706 1111 771 1171 ΑΒ
799 1108 1003 1192 τετράγωνος
1031 1104 1084 1171 ἐπὶ
1111 1107 1172 1171 τὸν

159 1214 223 1280 ἀπὸ
246 1224 306 1280 τοῦ
325 1216 392 1278 ΒΓ
411 1219 482 1290 ίσος
505 1216 595 1278 ἔσται
616 1221 662 1300 τῷ
679 1214 744 1278 ὑπὸ
763 1225 830 1278 τῶν
848 1215 952 1277 ΑΒΓ
967 1211 1018 1297 ἐφ’
1042 1211 1170 1278 ἑαυτόν.

158 1330 219 1386 τοῦ
243 1321 307 1405 άρα
329 1319 392 1384 άπὸ
412 1324 477 1384 ΑΒ
502 1318 554 1385 ἐπὶ
577 1321 636 1385 τὸν
655 1319 718 1384 άπὸ
739 1322 805 1384 ΒΓ
819 1321 1027 1406 τετράγωνον
1044 1320 1171 1404 πλευρά
1187 1341 1215 1380 10
1293 1307 1294 1370 ἒ

160 1427 250 1493 ἐστιν
273 1426 291 1493 6
313 1428 379 1492 ὑπὸ
402 1437 469 1491 τῶν
491 1430 596 1491 ΑΒΓ
613 1429 845 1513 περιεχόμενος
867 1425 1019 1511 ἀριθμός.

226 1532 386 1619 η.1”Εστι
411 1529 634 1616 δὲααθολιιιὴ
665 1531 811 1616 μέθοδος
835 1534 919 1598 ὥστε
945 1545 1048 1618 τριῶν
1071 1539 1172 1598 ιιλευ-

159 1651 229 1724 ρῶν
265 1642 432 1706 δοθεισῶν
469 1641 712 1723 ολουδητιοτοῦν
749 1641 915 1726 τριγώνου
951 1641 987 1705 τὸ
1025 1639 1173 1724 ἐμβαδὸν

66 1729 70 1736 ’
160 1748 270 1833 εὑρεῖν
293 1744 393 1832 χωρίς
414 1747 571 1812 καθέτου·
599 1737 673 1812 οἷον
695 1750 843 1812 ἔστωσαν
865 1749 899 1812 αλ
921 1757 982 1812 τοῦ
1004 1748 1171 1833 τριγώνου

159 1852 299 1938 πλευραὶ
324 1855 481 1938 μονάδων
503 1858 528 1938 ζ,
551 1879 582 1938 η,
605 1861 640 1919 θ.
686 1855 809 1932 σύνθες
832 1856 871 1920 τά
894 1858 911 1934 ζ
932 1852 987 1918 καὶ
1010 1855 1050 1918 τδι
1072 1879 1092 1938 η
1115 1851 1170 1918 καὶ
1187 1872 1213 1912 1⁵

158 1962 199 2025 τά
225 1966 264 2024 θ·
291 1963 440 2043 γίγνεται
464 1961 519 2025 κδ.
564 1960 692 2026 τούτων
719 1957 799 2044 λαβὲ
821 1961 862 2025 τὸ·
881 1961 996 2045 ἥμισυ·
1023 1962 1171 2042 γίγνεται

161 2071 207 2151 ιβ.
258 2067 359 2150 άφελε
390 2069 448 2143 τὰς
479 2071 496 2147 ζ
526 2068 685 2151 μονάδας·
717 2065 829 2132 λοιπαὶ
862 2090 886 2131 ε.
935 2067 1037 2131 πάλιν
1069 2068 1171 2149 άφελε

159 2172 223 2237 ἀπὸ
251 2184 317 2238 τῶν
346 2177 385 2256 ιβ
411 2173 469 2249 τάς
491 2193 524 2256 η·
553 2171 665 2238 λοιπαὶ
688 2174 717 2236 δ.
763 2171 817 2237 καλ
840 2175 888 2237 ἔτι
911 2175 969 2249 τὰς
991 2179 1029 2238 θ’
1058 2170 1171 2238 λοιπαὶ

159 2305 188 2362 γ.
234 2282 377 2363 ποίησον
403 2281 442 2345 τά
468 2283 508 2364 ιβ
531 2279 582 2344 ἐπὶ
605 2281 644 2344 τά
667 2299 695 2344 ε·
725 2281 897 2362 γίγνονται
920 2277 945 2357 ξ.
991 2289 1093 2344 ταῦτα
1117 2276 1171 2344 ἐπὶ

158 2388 219 2452 τὸν
246 2388 279 2450 δ·
307 2390 479 2470 γίγνονται
503 2404 562 2470 σμ·
590 2395 693 2450 ταῦτα
717 2384 769 2450 ἐπὶ
792 2386 852 2450 τὸν
874 2405 908 2468 γ·
935 2389 1084 2468 γίγνεται
1107 2397 1171 2462 φα·
1186 2405 1217 2445 20

158 2493 287 2559 τούτων
313 2491 392 2578 λαβὲ
419 2495 567 2578 πλευράν
594 2491 649 2557 καὶ
677 2494 767 2556 ἔσται
790 2493 827 2556 τὸ
852 2491 996 2576 ἐμβαδὸν
1019 2501 1079 2557 τοῦ
1102 2517 1170 2578 τρι-

159 2602 278 2685 γώνου.
317 2598 385 2665 ἐπεὶ
405 2595 468 2665 οὖν
486 2601 521 2663 αλ
539 2610 588 2678 φα
608 2599 709 2685 ῥητὴν
727 2599 787 2681 τὴν
805 2600 953 2684 πλευράν
971 2598 1032 2663 οὐκ
1047 2601 1171 2684 ἔχουσι,

159 2709 333 2791 ληψόμεθα
351 2709 430 2792 μετά
449 2707 615 2794 διαφόρου
631 2706 803 2790 ἐλαχίστου
816 2707 878 2790 τὴν
890 2708 1038 2793 πλευράν
1053 2705 1172 2781 οὕτως·

159 2812 229 2878 ἐπεὶ
261 2813 279 2878 ὁ
313 2816 514 2896 συνεγγίζιον
545 2822 590 2902 τῷ
620 2825 670 2891 φα
697 2815 901 2899 τετράγωνός
928 2812 1018 2878 ἐστιν
1045 2812 1063 2878 6
1090 2818 1171 2890 φκθ

159 2918 213 2985 καὶ
237 2920 384 3003 πλευράν
408 2921 473 3001 ἔχει
496 2919 556 2983 τὸν
577 2922 631 3002 κζ,
655 2918 791 3005 με’ρισον
813 2921 871 2996 τάς
893 2930 943 2997 ψκ
966 2921 1013 2996 είς
1035 2921 1094 2984 τὸν
1116 2922 1170 2996 κζ·
1186 2942 1218 2982 25

159 3030 308 3109 γίγνεται
332 3045 377 3097 τις
399 3022 453 3088 ναὶ
477 3028 570 3110 τρίτα
593 3026 668 3090 δύο·
696 3028 842 3111 πρόσθες
864 3028 921 3103 τὰς
943 3029 996 3104 κζ·
1023 3029 1171 3109 γίγνεται

159 3156 206 3214 νγ
220 3134 314 3218 τρίτα
328 3131 399 3196 δύο.
435 3131 563 3196 τούτων
577 3132 614 3196 τὸ
629 3131 742 3216 ἥμισυ·
761 3136 908 3216 γίγνεται
926 3130 1044 3215 κςλγ’.
1079 3135 1171 3197 ἔσται

160 3241 224 3325 άρα
242 3245 302 3302 τοῦ
321 3249 369 3315 φα
387 3237 407 3321 ἡ
427 3239 552 3323 πλευρά
571 3240 705 3322 ἔγγιστα
721 3241 760 3304 τά
774 3238 891 3322 ucLy‘.
928 3241 968 3304 τδι
982 3240 1045 3324 γάρ
1060 3237 1170 3322 ιιςλγ’

161 3343 211 3428 ἐφ’
240 3342 339 3410 ἑαυτά
359 3350 506 3428 γίγνεται
525 3357 573 3424 φκ
592 3344 662 3419 λς’·
685 3347 768 3412 ὥστε
786 3348 823 3411 τὸ
843 3347 1007 3430 διάφορον
1025 3347 1171 3430 μονάδος

232 3503 311 3556 ότδν
325 3505 394 3560 ἀπὸε
409 3503 528 3558 correxit
541 3509 603 3557 ποθ
687 3505 775 3566 λίσος
788 3502 831 3557 τδε
847 3519 914 3556 corr.
925 3510 1025 3556 mam
1074 3469 1075 3478 δ
1108 3502 1170 3555 9τὸ

169 3574 410 3629 ’τδεοοταοοοαλ
453 3574 739 3630 116n6v6vzcorrexi
780 3573 1035 3628 λθτῶνδεοοταοαί
1075 3581 1171 3640 τῶνγι
