2606 3868
168 161 212 227 50
334 162 484 216 muoz
502 156 768 218 ΑΛΕΞΑΝΔΡΒΩΣ
786 159 972 212 mmmm
990 161 1014 210 A

235 326 364 408 Λῆμμα.
379 321 486 387 Ἔστω
505 325 670 408 τρίγωνον
684 320 895 407 ὀρθογώνιον
909 321 945 386 τὸ
956 325 1021 385 ΑΒ
1030 323 1063 385 Γ
1069 320 1185 406 ὀρθὴν

168 432 247 513 ἔχον
269 429 330 512 τῆν
351 429 435 513 πρὸς
454 437 500 516 τῷ
520 432 556 514 Γ,
578 429 641 493 δύο
660 423 698 492 δὲ
720 426 876 511 πέμπτων
894 426 1000 512 ὀρθῆς
1018 429 1079 511 τῆν
1095 428 1185 512 πρὸς

168 544 215 624 τῷ
238 540 277 598 Α.
323 535 427 613 δεῖξαι
450 535 501 600 ὅτι
523 535 561 600 τὸ
584 534 648 599 ἀπὸ
672 532 926 620 συναμφοτέρου
949 543 1006 617 τῆς
1024 538 1090 598 ΒΑ
1113 537 1190 598 ΑΓ

168 641 412 706 πενταπλάσιόν
440 639 509 707 ἐστι
536 651 595 707 τοῦ
623 640 687 706 ἀπὸ
711 644 785 706 ΑΓ.
831 640 1042 724 ἐκβεβλήσθω
1069 640 1089 724 ῆ
1113 643 1189 704 ΑΓ

168 745 223 812 ἐπὶ
251 747 288 810 τό
316 752 364 831 Δ,
390 746 445 812 καὶ
472 758 511 834 τῆ
538 750 610 812 ΑΓ
633 754 687 831 ἴση
715 751 839 813 κείσθω
866 747 886 831 ῆ
915 750 995 831 ΓΔ,
1022 745 1077 812 καὶ
1107 746 1182 812 έπε-
1212 765 1230 805 ⁵

170 854 296 937 ζεύχθω
325 853 344 936 ἡ
372 858 447 918 ΒΔ.
497 860 551 938 ῖσῆ
580 855 643 939 ίίρα
672 853 691 936 ἡ
723 849 785 938 μὲν
811 858 877 918 ΑΒ
909 863 947 940 τῆ
975 859 1056 937 ΒΔ,
1087 853 1108 936 ῆ
1141 849 1182 918 ὀὲ

168 959 235 1025 ὑπὸ
262 963 367 1024 ΑΒΓ
389 964 493 1043 γωνία
520 971 558 1046 τῆ
586 961 651 1025 ὑπὸ
681 963 788 1024 ΓΒΔ.
834 959 917 1025 ἀλλὰ
943 959 963 1042 ἡ
991 960 1056 1025 ὑπὸ
1080 963 1183 1025 ΓΒΑ

168 1069 274 1149 γωνία
301 1078 403 1151 τριῶν
431 1066 587 1151 πέμπτων
614 1065 705 1131 ἐστίν
736 1066 841 1152 ὀρθῆς
873 1067 929 1131 διὰ
960 1067 997 1130 τὸ
1026 1076 1087 1150 τῆν
1112 1066 1182 1131 ὑπὸ

170 1175 274 1237 ΒΑΓ
296 1177 422 1256 γωνίαν
449 1174 511 1238 ὀύο
538 1172 695 1257 πέμπτων
721 1168 820 1238 εἶναι·
847 1172 867 1256 ῆ
896 1175 960 1258 ἄρα
985 1173 1050 1238 ὑπὸ
1074 1176 1181 1236 ΑΒΔ

169 1281 274 1362 γωνία
297 1279 330 1357 ἓξ
347 1278 503 1363 πέμπτων
521 1277 611 1343 ἐστὶν
629 1278 747 1364 ὀρθῆς·
787 1280 1001 1362 πενταγώνου
1023 1280 1087 1365 ἄρα
1110 1275 1181 1343 ἐστὶ
1198 1299 1227 1336 1⁰

169 1389 275 1468 γωνία
300 1385 321 1469 ῆ
348 1385 413 1451 ὑπὸ
437 1387 549 1449 ΑΒΔ.
592 1383 647 1449 καλ
675 1387 765 1450 ἔστιν
793 1391 846 1468 ίση
871 1384 892 1468 ῆ
916 1390 981 1449 ΑΒ
1004 1395 1043 1471 τῆ
1068 1389 1148 1450 ΒΔ·
1173 1383 1179 1472 λ

170 1499 227 1574 τῆς
255 1493 319 1577 ἄρα
346 1497 415 1556 ΑΔ
443 1493 547 1577 ἄκρον
572 1489 627 1556 καλ
654 1490 756 1576 μέσον
782 1494 884 1574 λόγον
910 1490 1110 1576 τεμνομένης
1141 1493 1181 1556 τὸ

167 1602 279 1682 μεῖζον
301 1597 410 1682 τμῆμά
433 1596 524 1662 ἐστιν
546 1596 566 1680 ῆ
590 1601 664 1661 ΑΒ.
707 1596 762 1662 καὶ
784 1600 853 1662 ἔστι
876 1607 933 1682 τῆς
956 1603 1026 1662 ΑΔ
1047 1597 1182 1683 ῆμίσεια

168 1704 188 1788 ῆ
212 1710 244 1769 Α
250 1707 290 1769 Γ·
326 1703 364 1768 τὸ
383 1704 447 1789 ἄρα
465 1701 529 1768 ἀπὸ
549 1702 802 1790 συναμφοτέρου
820 1712 877 1786 τῆς
891 1707 956 1767 ΒΑ
975 1706 1045 1768 ΑΓ
1062 1727 1180 1769 πεντα-

167 1811 311 1876 πλοίσιόν
334 1808 402 1874 ἐστι
425 1818 485 1875 τοῦ
508 1809 571 1875 ἀπὸ
595 1819 653 1894 τῆς
676 1813 754 1874 ΑΓ.
1196 1831 1227 1870 15

231 1941 272 1998 ιη.
295 1915 402 1981 Ἔστω
421 1911 634 2000 πεντάγωνον
653 1919 852 2002 ίσόπλευρόυ
869 1940 904 1981 τε
926 1914 981 1980 καὶ
1001 1917 1180 2000 ἰσογώνιον

167 2022 205 2086 τὸ
233 2025 418 2112 ΑΒΓΔΕ,
455 2018 495 2088 οὗ
532 2022 648 2107 ἑκάστη
685 2025 811 2109 πλευρὰ
847 2026 929 2088 ἔστω
966 2025 1123 2107 μονοίόων
1156 2049 1178 2088 ι.

69 2130 73 2139 “
168 2127 280 2211 εὑρεῖν
306 2128 409 2193 αὐτοῦ
436 2130 473 2193 τὸ
502 2129 655 2213 έμβαόὀν.
700 2130 851 2214 εἰλήφθω
880 2130 917 2194 τὸ
944 2127 1084 2216 κέντρου
1115 2139 1177 2195 τοῦ

166 2231 244 2319 περὶ
276 2233 355 2299 αὐτὸ
387 2235 513 2300 κύκλου
543 2235 580 2300 τὸ
611 2240 652 2319 Ζ,
684 2234 739 2300 καλ
767 2234 1016 2318 ἐπεζεύχθωσαν
1043 2237 1077 2301 αῖ
1105 2239 1179 2321 ΓΖ,

170 2344 235 2404 ΖΔ
262 2338 316 2404 καὶ
343 2341 482 2418 κάθετος
510 2339 563 2406 έπλ
590 2344 651 2426 τῆν
679 2345 744 2406 ΓΔ
770 2341 790 2425 ῆ
821 2345 897 2406 ΖΗ.
947 2345 1038 2408 ἔσται
1065 2344 1129 2429 ἄρα
1156 2344 1223 2427 ῆν)

166 2447 233 2512 ὑπὸ
260 2457 327 2511 τῶν
355 2450 455 2511 ΓΖΔ
484 2450 589 2530 γωνία
620 2450 789 2534 τεσσέρων
819 2447 975 2534 πέμπτων
1007 2448 1125 2535 ὀρθῆς·
1158 2449 1178 2533 ῆ

168 2555 233 2640 ίίρα
254 2553 319 2618 ὑπὸ
349 2555 455 2616 ΓΖΗ
472 2554 534 2619 ὀόο
557 2552 711 2637 πέμπτων
735 2553 824 2620 ἐστὶν
846 2555 959 2641 ὀρθῆς.
1004 2553 1059 2620 καὶ
1088 2558 1180 2621 ἔστιν
1296 2621 1297 2632 ,

169 2660 256 2746 ὀρθῆ
286 2659 307 2742 ῆ
339 2658 404 2724 ὑπὸ
434 2662 547 2723 ΓΗΖ·
578 2661 615 2725 τὸ
649 2662 713 2746 ἄρα
742 2661 806 2726 ἀπὸ
835 2660 1089 2747 συναμφοτέρου
1121 2671 1180 2747 τῆς

170 2769 232 2831 ΓΖ
261 2769 332 2830 ΖΗ
354 2768 598 2832 πενταπλάσιόν
625 2767 693 2834 ἐστι
720 2777 780 2834 τοῦ
808 2767 872 2833 ἀπὸ
899 2778 957 2853 τῆς
983 2772 1058 2833 ΖΗ.
1104 2767 1172 2834 ἀλλ’

170 2870 239 2937 ἐπεὶ
267 2871 304 2936 έν
327 2871 484 2958 ἀριθμοῖς
507 2873 567 2939 οὐκ
590 2876 681 2940 ἔστιν
704 2875 815 2960 εὑρεῖν
836 2876 1045 2961 τετράγωνον
1067 2898 1178 2960 τετρα-
1193 2893 1221 2933 2⁵

168 2978 281 3061 γώνου
307 2981 565 3064 πενταπλάσιον,
597 2981 641 3057 ὡς
674 2981 836 3064 σύνεγγυς
867 2982 918 3046 δεῖ
946 2984 1075 3064 λαβεῖν·
1108 2983 1177 3046 ἔστι

169 3079 207 3149 θλ
239 3083 256 3148 ὁ
288 3105 333 3148 πα
360 3086 443 3171 πρός
465 3087 556 3171 <ις.>
584 3084 833 3171 συναμφοτέρος
865 3087 928 3172 ἄρα
964 3087 982 3151 ὀ
1016 3090 1078 3152 ΓΖ
1112 3091 1185 3152 ΖΗ

169 3193 271 3273 λόγον
294 3193 360 3276 ἔχει
381 3193 464 3278 πρὸς
480 3193 540 3257 τὸν
560 3195 637 3275 ΖΗ,
661 3191 701 3256 ὃν
718 3198 745 3256 θ
761 3193 844 3278 πρὸς
867 3193 896 3257 ὀ.
918 3190 973 3257 καλ
993 3195 1137 3259 ὀιελόντι
1160 3193 1178 3260 ὀ

170 3300 231 3362 ΓΖ
257 3300 339 3385 πρὸς
368 3302 441 3363 ΖΗ
464 3301 566 3382 λόγον
593 3300 659 3382 ἔχει
687 3296 770 3382 <ὀ>ν
800 3321 815 3364 ε
842 3298 924 3384 πρὸς
952 3301 980 3364 ὀ.
1030 3299 1085 3366 καὶ
1118 3309 1177 3365 τοῦ

170 3403 279 3488 <ἀπὸ>
300 3408 361 3468 ΓΖ
380 3406 443 3490 ἄρα
461 3405 544 3489 πρὸς
562 3404 643 3487 <τό>
661 3403 725 3468 ἀπὸ
747 3407 828 3489 ΖΗ,
847 3404 888 3470 ὃν
904 3430 941 3471 κε
959 3408 1041 3493 πρὸς
1060 3427 1100 3480 ις.
1124 3406 1178 3471 καί
1191 3427 1220 3466 ιο

82 3522 111 3525 “
174 3513 285 3587 λοιπὸς
312 3518 372 3575 τοῦ
400 3509 463 3574 ἀπὸ
488 3512 560 3573 ΓΗ
578 3509 660 3594 πρὸς
683 3509 764 3595 <τό>
788 3510 851 3575 ἀπὸ
877 3515 958 3595 ΖΗ,
986 3511 1026 3577 ὃν
1047 3520 1074 3578 θ
1096 3513 1179 3598 πρὸς
