2644 3870
175 223 237 288 136
338 224 488 277 ΗΡΩΝΟΣ
507 222 774 282 ΑΛΕΞΑΝΔΡΕΩΣ
792 222 977 276 ΜΕΤΡΙΚΩΝ
995 225 1017 274 Β

172 391 242 452 ΛΕ
267 385 407 462 κάθετος
434 386 590 469 μονάδων
613 389 629 464 ζ
655 383 709 450 καί
733 343 784 468 ἷίά
827 382 897 449 ἐπεὶ
920 379 983 450 οὖν
1005 392 1065 449 τοῦ
1084 387 1192 448 ΑΒΓ

172 493 338 577 τριγώνου
366 489 482 575 ἑκάστη
510 493 637 576 πλευρά
665 491 804 556 δοθείσά
827 489 917 555 ἐστιν
939 488 994 555 καὶ
1017 489 1037 574 ἡ
1060 493 1130 554 ΑΒ
1146 487 1182 556 δί

173 599 327 681 κάθετος,
361 599 501 664 δοθεῖσα
528 599 591 683 άρα
618 595 673 662 καί
700 597 720 681 ἡ
748 595 907 682 πυραμὶς,
936 593 976 680 ἦς
1002 599 1097 681 βάσις
1122 597 1183 682 μέν

174 703 243 768 ἐστι
265 705 302 769 τὸ
322 707 425 769 ΑΒΓ
438 709 613 789 τρίγωνον,
635 705 767 790 κορυφὴ
786 700 823 769 δὲ
841 704 877 768 τὸ
897 708 930 767 Δ
949 715 1092 788 σημεῖον.
1128 701 1182 768 καὶ

175 813 265 875 ἔστιν
291 811 442 876 εἰκοστὸν

174 915 273 1002 μέρος
284 927 344 982 τοῦ
357 919 440 982 εἰκο-

175 1019 441 1108 σαέδρουδοθίν

175 1132 239 1216 άρα
252 1129 321 1195 έστί
334 1127 389 1194 καί
403 1130 440 1194 τὸ

199 1237 420 1323 εἰκοσάεδρον.

175 1344 285 1426 δεήσει
312 1345 376 1428 άρα
401 1343 441 1406 τά

176 1475 188 1514 ι
227 1447 280 1514 ε’πί
321 1450 361 1514 τά
401 1471 441 1531 ογ

175 1553 442 1638 ποιησαικαίτῶν

176 1660 366 1746 γενομένων
385 1665 442 1725 λα-

177 1773 249 1852 βεῖν
285 1769 322 1832 τὸ
362 1765 441 1853 ρκζ’
488 1754 543 1829 B

176 1874 231 1940 καί
263 1877 351 1960 έχειν
382 1875 443 1958 τὴν
787 1904 838 1954 τις,
852 1905 884 1945 ⁶9,
1200 1894 1228 1932 ιε

177 1992 234 2066 τῆς
258 1983 444 2066 πυραμίδος

177 2090 332 2154 κάθετον·
356 2086 410 2153 καί
434 2089 579 2170 λαβόντα
601 2087 638 2151 τὸ
662 2084 807 2169 ἐμβαδὸν
825 2093 884 2150 τοῦ
904 2085 1007 2147 ΑΒΓ
1020 2083 1186 2167 τριγώνου

179 2195 378 2280 ἰσοπλεύρου
395 2191 450 2258 καί
470 2194 615 2259 εἰκοσάκι
632 2195 815 2275 ποιήσαντα
833 2190 1117 2256 πολλαπλασιάσαι
1133 2186 1186 2253 ἐπὶ

177 2302 238 2384 τὴν
261 2298 437 2385 εἰρημένην
458 2299 615 2364 κάθετον·
637 2296 692 2362 καί
715 2309 782 2362 τῶν
804 2295 991 2382 γενομένων
1013 2297 1050 2361 τὸ
1073 2299 1187 2380 τρίτον

178 2409 322 2490 λαβόντα
346 2405 594 2490 ἀποφαίνεσθαι
616 2405 653 2469 τὸ
677 2413 737 2470 τοῦ
760 2403 973 2488 εἰκοσαέδρου
995 2405 1137 2488 στερεόν.
1201 2427 1229 2467 εο

245 2519 292 2578 ιθ.
318 2512 421 2578 Ἔστω
457 2513 498 2595 δὴ
531 2512 760 2595 δωδεκάεδρον
791 2520 962 2596 μετρῆσαι,
995 2505 1035 2576 οὗ
1068 2508 1186 2593 ἑκάστη

62 2672 74 2692 „
178 2620 305 2704 πλευρά
328 2619 396 2684 ε’στι
419 2619 576 2703 μονάδων
599 2643 619 2682 ι.
662 2617 764 2682 πάλιν
782 2612 855 2701 οὖν,
878 2615 936 2683 έδιν
955 2617 1018 2682 άπὸ
1037 2627 1097 2683 τοῦ
1115 2616 1187 2682 κέν-

87 2753 88 2762 ’
179 2750 261 2811 τρου
284 2735 341 2809 της
364 2728 506 2810 σφαίρας
529 2726 700 2808 νοήσωμεν
724 2722 954 2808 ἐπιζευγμένας
977 2724 1110 2800 εὐθείας
1134 2721 1187 2788 ἐπὶ

77 3512 140 3526 4.
180 3513 184 3518 ”
221 3513 266 3517 ”-·

179 2834 236 2908 τάς
267 2840 327 2897 τοῦ
359 2832 573 2913 πενταγώνου
604 2833 741 2914 γωνίας,
773 2833 904 2896 ἔσονται
939 2834 973 2914 ιβ
1004 2832 1188 2916 πυραμίδες

180 2934 421 3026 πενταγώΙνους
448 2938 560 3021 βάσεις
582 2940 731 3021 ἔχουσαι,
758 2939 907 3023 κορυφάς
930 2933 968 3002 δὲ
989 2938 1026 3002 τὸ
1049 2937 1188 3022 κέντρον
1202 2959 1227 3000 ιι
1318 2997 1319 3004 ,

180 3055 236 3129 τῆς
260 3047 415 3130 σφαίρας·
439 3046 541 3127 λόγον
563 3040 600 3108 δί
623 3046 689 3127 ἔχει
712 3043 732 3126 η
751 3053 811 3109 τοῦ
829 3045 1044 3127 πενταγώνου
1061 3047 1188 3129 πλευρά

179 3154 262 3238 πρὸς
284 3152 345 3235 την
368 3150 431 3215 άπὸ
454 3159 514 3216 τοῦ
537 3149 677 3237 κέντρου
699 3159 756 3234 της
780 3153 923 3236 σφαίρας
945 3152 1089 3217 κάθετον
1112 3151 1188 3235 άγο-

180 3258 284 3344 μένην
311 3256 364 3323 έπί
392 3257 429 3322 ἓν
456 3269 523 3322 τῶν
549 3258 785 3340 πενταγώνων,
813 3255 854 3322 δν
876 3259 915 3321 τά
938 3283 958 3341 η
981 3258 1065 3344 πρὸς
1087 3259 1126 3323 τά
1149 3265 1188 3323 θ·

180 3363 234 3430 καί
257 3367 348 3430 ἔστιν
369 3363 390 3447 ἡ
409 3373 469 3430 τοῦ
487 3365 701 3447 πενταγώνου
718 3365 846 3448 πλευρά
863 3364 1020 3448 μονάδων
1038 3385 1062 3428 ι·
1086 3365 1106 3448 ἡ
1125 3366 1188 3449 άρα

270 3511 392 3518 -——--

253 3596 395 3665 1ρκζμαι
415 3593 522 3648 correxi
593 3598 627 3647 28
646 3588 697 3647 ὦνι
717 3589 823 3645 correxi
