2644 3870
163 155 228 220 162
328 155 476 211 ΗΡΩΝΟΣ
494 154 760 216 ΔΛΕΞΔΝΔΡΕΩΣ
779 156 965 210 mmmm
982 159 1005 210 Γ

160 322 285 406 χωρίον
315 316 546 403 ἀποτέμνουσα
579 317 697 384 δοθέν·
729 317 873 384 δοθέντα
905 302 969 405 ἄρα
1000 321 1040 384 τδι
1072 324 1115 404 Ε,
1142 324 1170 384 Ζ

162 435 287 508 σημεῖα.
328 433 425 489 τοῦτο
449 420 486 490 δὲ
509 424 546 489 ἐν
568 433 614 512 τῷ
637 422 670 508 β’
694 435 752 509 τῆς
773 433 834 490 τοῦ
857 428 981 510 χωρίου
1003 424 1170 510 ἀποτομῆς

161 530 333 598 δέδεικται.
379 529 540 596 δέδεικται
567 532 632 616 ἄρα
658 528 695 596 τὸ
719 535 945 616 προκείμενον.
990 531 1053 596 κᾶν
1075 530 1112 597 τὸ
1137 537 1170 596 Δ

162 647 298 721 σημεῖον
328 637 373 721 μὴ
404 629 425 724 ᾖ
457 635 510 702 έπὶ
541 646 599 721 τῆς
626 640 703 721 ΒΓ,
735 634 806 702 ἀλλ’
835 636 879 714 ὡς
906 639 1036 721 ἔτυχεν,
1069 634 1170 704 οὐδέν

161 745 288 810 διοίσει.
1199 765 1214 805 5

213 845 270 916 ἰα.
293 850 542 937 Τετραπλεύρου
561 848 722 927 δοθέντος
739 859 799 915 τοῦ
814 853 950 915 ΑΒΓΔ
963 850 1018 915 καὶ
1032 855 1168 937 τμηθεί-
1236 913 1241 929 ,

159 975 220 1041 σης
242 966 299 1042 τῆς
321 962 390 1022 ΑΔ
412 959 493 1023 κατὰ
516 955 552 1022 τὸ
572 961 604 1021 Ε
624 959 796 1040 διαγαγεῖν
818 958 879 1040 τὴν
897 961 961 1021 ΕΖ
982 956 1169 1042 τέμνονσαν

160 1061 197 1128 τὸ
217 1065 353 1128 ΑΒΓΔ
375 1065 617 1151 τετράπλευρον
640 1062 677 1128 έν
695 1071 740 1151 τῷ
759 1072 816 1146 τῆς
835 1067 903 1127 ΑΕ
917 1061 1001 1149 πρὸς
1018 1064 1080 1147 τὴν
1098 1069 1171 1129 ΛΕ

24 1207 27 1212 .
160 1173 257 1259 λόγῳ.
288 1169 463 1255 γεγονέτω·
485 1169 540 1235 καὶ
564 1170 702 1254 <ἤχθω>
726 1179 765 1256 τῇ
788 1166 849 1255 μέν
868 1174 937 1235 ΑΔ
959 1170 1168 1255 παράλληλος

159 1277 179 1361 ἡ
205 1280 285 1362 ΓΗ,
317 1288 355 1365 τῇ
388 1272 425 1342 δὲ
452 1281 515 1342 ΕΒ
543 1276 771 1362 ἐπιζευχθείσῃ
800 1279 1010 1362 παράλληλος
1035 1276 1056 1359 ἡ
1085 1279 1168 1342 ΗΘ·
1184 1299 1214 1340 ιο

159 1383 213 1450 καὶ
236 1384 485 1468 ἐπεζεύχθωσαν
507 1385 542 1448 αἱ
565 1386 629 1448 ΓΕ
649 1386 715 1448 ΕΘ
737 1387 813 1448 ΕΗ.
847 1382 916 1449 ἐπεὶ
939 1390 1015 1449 ἴσον
1038 1381 1106 1448 έστὶ
1129 1382 1168 1450 τὸ

158 1491 258 1556 ΒΗΕ
277 1494 443 1576 τρίγωνον
464 1497 510 1576 τῷ
529 1492 629 1572 ΕΒΘ,
651 1473 767 1554 κοινὸν
784 1492 996 1574 προσκείσθω
1014 1487 1051 1554 τὸ
1066 1494 1168 1555 ΑΒΕ.

158 1597 195 1664 τὸ
217 1599 221 1682 ἱ
242 1599 306 1684 ἄρα
328 1599 436 1661 ΑΗΕ
456 1599 620 1681 τρίγωνον
643 1601 717 1660 ἴσον
740 1594 808 1661 ἐστὶ
831 1604 877 1683 τῷ
896 1601 928 1660 Α
935 1600 1036 1661 ΒΘΕ
1055 1619 1169 1681 τετρα-

157 1705 302 1792 πλεύρῳ·
330 1704 374 1779 ὡς
401 1704 464 1788 ἄρα
490 1700 527 1766 τὸ
553 1704 658 1767 ΑΗΕ
684 1706 859 1788 τρίγωνον,
886 1701 1057 1768 τουτέστιν
1079 1702 1166 1787 ὡςὴ

159 1816 227 1876 ΑΕ
251 1807 335 1897 πρὸς
361 1810 423 1893 τὴν
449 1813 531 1893 ΕΔ,
561 1807 666 1886 οὕτως
694 1807 730 1875 τὸ
758 1813 824 1873 ΑΒ
832 1814 897 1874 ΘΕ
923 1810 1168 1895 τετράπλευρον
1182 1830 1213 1872 15
1317 1825 1318 1858 ³

158 1915 241 2003 πρὸς
270 1915 307 1984 τὸ
340 1919 440 1982 ΕΓΔ
471 1919 642 2000 τρίγωνον.
687 1918 858 2001 τετμήσθω
887 1917 928 2000 δὴ
960 1915 1015 1980 καὶ
1050 1915 1070 1999 ἡ
1104 1919 1167 1981 ΓΘ
1318 1945 1319 1954 ·

158 2025 240 2089 κατὰ
267 2021 304 2090 τὸ
334 2029 375 2107 Ζ,
405 2024 488 2088 ὥστε
515 2018 600 2089 εἶναι
629 2024 674 2100 ὡς
701 2024 761 2106 τὴν
789 2027 859 2087 ΑΕ
883 2019 967 2108 πρὸς
994 2024 1055 2107 τὴν
1081 2027 1167 2108 ΕΔ,

158 2130 219 2213 τὴν
243 2133 308 2193 ΘΖ
330 2127 413 2213 πρὸς
438 2132 515 2213 ΖΓ,
541 2127 691 2194 τουτέστι
714 2126 750 2195 τὸ
774 2133 873 2193 ΕΘΖ
895 2133 1061 2214 τρίγωνον
1082 2128 1167 2216 πρὸς

158 2233 195 2302 τὸ
215 2239 327 2300 ΕΓΖ·
350 2234 404 2300 καὶ
427 2236 507 2301 ὅλον
529 2237 593 2321 ἄρα
615 2233 652 2301 τὸ
673 2239 738 2299 ΑΒ
746 2239 809 2300 ΖΕ
825 2237 1069 2321 τετράπλευρον
1081 2235 1166 2321 πρὸς

87 2327 91 2337 ¹
158 2339 195 2408 τὸ
223 2344 370 2407 ΕΖΔΓ
388 2339 447 2406 τδν
476 2339 579 2406 αὐτὸν
611 2344 676 2426 ἔχει
706 2345 808 2424 λόγον
836 2350 882 2430 τῷ
913 2351 971 2426 τῆς
995 2347 1063 2407 ΑΕ
1082 2340 1166 2428 πρὸς
1180 2363 1211 2403 εο

158 2449 220 2533 τὴν
242 2453 321 2513 ΕΔ·
345 2445 414 2513 ἐπεὶ
438 2443 500 2514 οὖν
523 2444 627 2513 δοθέν
648 2446 685 2513 τὸ
711 2451 748 2532 Γ,
770 2447 863 2514 θέσει
886 2451 950 2534 ἄρα
972 2446 1027 2514 καὶ
1050 2447 1070 2532 ἡ
1090 2453 1165 2514 ΓΗ.

119 2566 122 2573 “
158 2552 252 2620 θέσει
272 2550 308 2618 δέ
326 2551 381 2619 καὶ
403 2551 557 2637 ἡΑΒΗ·
581 2549 686 2619 δοθέν
704 2552 822 2640 ἄρατὸ
842 2558 884 2618 Η.
916 2553 971 2620 καὶ
990 2557 1059 2620 ἔστι
1076 2557 1166 2641 παρὰ

158 2659 251 2727 θέσει
274 2662 335 2744 τὴν
353 2664 419 2724 ΒΕ
438 2659 459 2744 ἡ
483 2662 560 2724 ΗΘ.
597 2656 702 2726 δοθέν
725 2659 789 2744 ἄρα
811 2658 848 2725 τὸ
875 2665 915 2725 Θ·
939 2661 1079 2727 δοθεῖσα
1102 2663 1167 2748 ἄρα

158 2767 179 2852 ἡ
212 2771 289 2832 ΓΘ·
318 2764 373 2831 καὶ
404 2765 556 2850 τέτμηται
592 2765 629 2831 έν
659 2765 794 2832 δοθέντι
827 2768 914 2854 λόγῳ
941 2769 1023 2832 κατὰ
1052 2765 1089 2833 τὸ
1124 2772 1164 2832 Ζ·

158 2871 263 2940 δοθέν
290 2872 354 2958 ἄρα
381 2871 417 2938 τὸ
443 2877 483 2937 Ζ·
514 2871 607 2938 θέσει
637 2871 701 2959 ἄρα
728 2871 748 2956 ἡ
772 2877 843 2938 ΕΖ.
889 2875 998 2957 δεήσει
1025 2871 1090 2959 ἄρα
1117 2876 1165 2951 εἰς
1180 2894 1210 2936 ω

157 2982 219 3065 τὴν
246 2981 408 3045 σύνθεσιν
435 2977 596 3058 ἐπιζεῦξαι
619 2980 680 3063 τὴν
703 2984 769 3044 ΒΕ
788 2977 844 3044 καὶ
866 2989 905 3066 τῇ
928 2975 989 3064 μέν
1012 2985 1046 3044 Δ
1051 2985 1083 3045 Ε
1103 3003 1165 3046 πα-

159 3086 324 3173 ράλληλον
351 3084 487 3169 ἀγαγεῖν
514 3087 574 3170 τὴν
599 3088 678 3169 ΓΗ,
704 3095 744 3172 τῇ
773 3081 809 3151 δὲ
832 3090 898 3150 ΒΕ
917 3086 979 3170 τὴν
1001 3089 1085 3171 ΗΘ,
1108 3086 1164 3152 καὶ

158 3204 268 3277 τεμεῖν
295 3193 357 3276 τὴν
381 3195 450 3257 ΘΓ
476 3193 557 3257 κατὰ
585 3189 622 3257 τὸ
649 3197 686 3276 Ζ,
718 3193 801 3258 ὥστε
831 3187 916 3258 εἶναι
943 3193 988 3269 ὡς
1010 3194 1070 3277 τὴν
1097 3198 1167 3259 ΑΕ

230 3381 412 3440 3δέδεικταιε
428 3384 463 3439 ab
473 3383 621 3456 Apollonio
630 3384 755 3454 Pergaeo
794 3387 891 3440 4ΒΕε
906 3384 1013 3440 correxi
1053 3391 1163 3456 8τηίσι

158 3454 265 3510 οοιτοιιί
336 3463 403 3511 9ου
422 3455 497 3526 plevi
564 3462 597 3511 12
616 3456 647 3510 τὸ
662 3457 756 3510 ΕΒΘι
776 3455 882 3508 correxi
948 3461 1052 3511 22-23
1071 3477 1163 3524 παρα-

157 3525 252 3582 θέσει·
271 3525 376 3582 correxi
413 3527 556 3583 ubitanter
624 3531 656 3580 27
676 3533 721 3595 τοι
740 3529 794 3580 ΔΕ
814 3528 879 3583 BE:
899 3527 1004 3584 correxi
