2644 3870
194 164 258 228 144
356 165 506 218 ΗΡΩΝΟΣ
524 159 790 222 ΑΛΕΞΑΝΔΡΕΩΣ
808 164 995 217 ΜΕΊῬΙΚΩΝ
1013 167 1036 215 Γ

191 325 270 392 δέον
302 329 384 391 ἔστω
416 325 497 391 αὐτὸ
530 327 668 409 διελεῖν,
702 327 784 391 ὥστε
815 327 852 390 τὸ
884 326 967 412 πρὸς
997 336 1037 413 τη
1069 336 1202 412 κορυφῇ

189 438 355 518 τρίγωνον
396 433 593 518 τριπλάσιον
638 428 723 498 εἶναι
764 441 823 498 τοῦ
863 438 981 498 λοιποῦ
1017 435 1202 518 τραπεζίου.

191 543 273 605 ἔστω
311 539 332 623 ἡ
368 540 545 624 διαιροῦσα
581 539 698 605 εὐθεῖα
733 539 754 623 ἡ
788 543 868 603 ΔΕ·
904 540 1101 624 τριπλάσιον
1137 540 1202 623 άρα

191 644 260 712 ἐστὶ
291 646 328 711 τὸ
357 629 464 709 ΑΔΕ
492 647 657 730 τρίγωνον
689 653 749 710 τοῦ
776 648 911 710 ΔΕΓΒ
944 649 1129 730 τραπεζίου·
1163 647 1200 710 τὸ

190 755 256 839 ἀρα
288 755 392 817 ΑΒΓ
423 755 588 837 τρίγωνον
620 751 688 836 [δν]
721 752 804 837 πρὸς
835 754 872 818 τὸ
900 755 1007 816 ΑΔΕ
1035 755 1202 838 τρίγωνον
1228 771 1243 811 5

191 862 293 943 λόγου
319 862 400 944 ἔχει,
429 858 469 923 ὃν
497 860 517 923 δ
545 859 629 943 πρὸς
651 882 681 941 ν.
726 859 771 935 ὡς
794 855 831 924 δὲ
853 860 890 924 τὸ
914 860 1018 922 ΑΒΓ
1036 861 1202 943 τρίγωνον

190 967 273 1052 πρὸς
309 967 346 1031 τὸ
378 969 485 1030 ΑΔΕ
518 969 696 1051 τρίγωνον,
734 965 838 1043 οὕτως
873 967 910 1030 τὸ
947 964 1011 1030 ἀπὸ
1045 974 1104 1050 τῆς
1135 969 1202 1029 ΒΑ

190 1075 398 1160 τετράγωνον
426 1072 495 1157 [ὃν]
522 1074 606 1158 πρὸς
632 1074 670 1137 τὸ
697 1071 762 1138 ἀπὸ
789 1081 847 1155 τῆς
869 1076 939 1135 ΔΑ
964 1072 1080 1136 διὰτὸ
1104 1071 1202 1156 ὅμοια

191 1175 277 1245 εἶναι
308 1181 348 1244 τά
374 1183 527 1265 τρίγωνα.
577 1176 632 1243 καὶ
660 1181 729 1244 ἔστι
756 1178 793 1243 τὸ
822 1177 885 1243 άπὸ
913 1187 970 1261 τῆς
997 1183 1063 1243 ΒΑ
1089 1179 1202 1265 τετρά-

190 1310 301 1370 γωνον
333 1287 489 1371 μονάδων
521 1283 620 1372 ρξ<δ·
652 1286 689 1350 τὸ
722 1286 786 1372 άρα
817 1284 881 1350 ἀπὸ
909 1294 966 1369 τῆς
993 1290 1063 1351 ΑΔ
1089 1286 1202 1372 τετρά-
1216 1304 1243 1344 ιο

190 1417 301 1476 νωνον
328 1394 484 1478 μονάδων
512 1390 663 1477 ρκ>ςλδ’·
695 1391 777 1475 αὐτὴ
804 1393 868 1478 ἀρα
894 1390 915 1474 ἡ
943 1397 1012 1456 ΑΔ
1039 1395 1129 1457 ἔσται
1157 1393 1202 1468 ὡς

190 1503 325 1583 ἔγγιστα
357 1500 513 1584 μονάδων
545 1523 579 1564 ια
607 1500 627 1563 δ
632 1496 649 1563 ’.
700 1500 782 1564 ὥστε
810 1498 869 1563 έδιν
896 1498 1114 1583 ἀπολάβωμεν
1140 1500 1202 1582 τὴν

190 1612 260 1671 ΑΔ
291 1606 447 1691 μονάδων
479 1630 513 1670 ια
543 1603 577 1670 δ’
608 1604 663 1670 καὶ
693 1606 907 1691 παράλληλον
935 1604 1110 1690 ἀγάγωμεν
1140 1607 1202 1688 τὴν

190 1717 272 1796 ΔΕ,
305 1715 395 1777 ἔσται
426 1713 463 1776 τὸ
495 1716 720 1798 προκείμενον.
771 1713 827 1777 ἵνα
854 1707 891 1776 δέ
918 1712 961 1796 μη
988 1713 1202 1798 παράλληλον

191 1821 332 1903 άγωμεν,
359 1818 533 1904 ἐπειδήπερ
561 1818 598 1884 έν
625 1830 694 1896 τοῖς
718 1822 851 1904 χωρίοις
875 1818 1039 1904 δύσεργον
1061 1819 1201 1904 ὑπάρχει
1215 1836 1243 1877 1⁵

190 1926 228 1991 τὸ
250 1934 404 1991 τοιοῦτον
427 1926 482 1991 διδι
505 1927 566 2009 την
588 1938 654 1991 τῶν
676 1929 787 1991 τόπων
809 1924 1010 2009 ἀνωμαλίαν,
1034 1924 1202 2009 ἀποληψό-

190 2039 278 2115 μεῦα
309 2030 363 2097 καὶ
395 2034 456 2116 την
483 2037 552 2096 ΑΕ
580 2034 736 2117 μονάδων
768 2033 857 2097 ὅσων
888 2031 930 2096 άν
957 2024 986 2118 ᾗ.
1036 2034 1126 2096 ἔστιν
1153 2026 1201 2114 δὲ,

191 2136 249 2202 ἐὰν
275 2141 464 2223 ποιησωμεν
492 2140 536 2215 ὡς
562 2140 623 2222 τὴν
649 2143 715 2203 ΑΒ
742 2139 825 2224 πρὸς
854 2141 928 2222 ΑΓ,
960 2136 1131 2204 τουτέστιν
1157 2138 1202 2215 ὡς

189 2245 230 2309 τά
256 2267 289 2327 ιγ
311 2246 394 2330 πρὸς
417 2269 460 2329 ιε,
483 2245 588 2321 οὕτως
611 2247 672 2328 την
694 2251 774 2328 ΑΔ,
800 2243 972 2311 τουτέστιν
995 2268 1029 2309 ια
1052 2242 1095 2328 δ’,
1118 2245 1202 2329 πρὸς

190 2404 295 2487 άλλην
313 2405 401 2469 τινά·
420 2402 569 2470 τουτέστι
587 2405 647 2489 την
664 2409 738 2469 ΑΕ.
774 2407 865 2469 ἔσται
878 2406 1035 2489 μονάδων
1049 2408 1083 2488 ιβ
1097 2405 1199 2489 <να>.
1214 2423 1243 2464 ευ

193 2507 197 2598 λ
222 2510 383 2575 τοσούτου
415 2513 505 2576 ἔσται
535 2509 555 2593 ἡ
584 2515 657 2575 ΑΕ.
707 2509 929 2590 ἐπιζεύξαντες
957 2506 1019 2576 οὖν
1045 2511 1106 2595 την
1132 2515 1203 2575 ΔΕ

190 2615 306 2702 ἕξομεν
328 2618 389 2701 τὴν
407 2618 606 2703 διαιροῦσαν
623 2620 660 2683 τὸ
679 2621 810 2704 χωρίον.
851 2617 872 2700 ἡ
891 2614 928 2682 δὲ
946 2617 1091 2701 μέθοδος
1109 2621 1200 2683 ἔσται

191 2724 340 2807 τοιαύτη·
364 2723 433 2789 ε’πελ
456 2724 474 2790 δ
497 2728 604 2808 λόγος,
628 2723 665 2789 έν
688 2715 919 2811 βδιαιρείται,
943 2727 1011 2789 ἔστι
1030 2749 1051 2808 y
1068 2727 1151 2810 πρὸς
1169 2748 1200 2807 α,

193 2831 316 2906 σύνῦες
347 2855 368 2914 γ
399 2829 454 2895 καὶ
484 2851 516 2895 α·
549 2834 697 2914 γίγνεται
725 2832 754 2895 δ.
799 2829 854 2895 καὶ
880 2831 978 2914 πάιν
1007 2829 1057 2916 ἐφ’
1088 2828 1200 2896 ἑαυτά·

191 2941 339 3020 γίγνεται
366 2937 439 3025 ρξθ.
484 2947 587 3002 ταῦτα
610 2935 663 3002 ἐπὶ
686 2938 745 3002 τὸν
767 2957 801 3020 γ·
829 2941 977 3020 γίγνεται
1000 2942 1050 3023 φζ.
1095 2938 1198 3023 παρά·
1213 2955 1241 2996 2⁶

191 3048 271 3129 βαλε
290 3047 378 3130 παρά
396 3047 455 3111 τὸν
474 3045 507 3108 δ·
526 3047 674 3128 γίγνεται
693 3042 819 3129 ρας[δ’.
859 3044 987 3109 τούτων
1005 3046 1133 3130 πλευρά
1151 3048 1200 3128 γί-

191 3175 305 3234 γνεται
337 3151 381 3226 ὡς
407 3153 541 3233 ἔγγιστα
569 3174 603 3215 ια
630 3149 671 3214 δ’.
721 3159 823 3215 ταῦτα
851 3148 904 3215 ἐπὶ
931 3151 990 3214 τὸν
1018 3171 1059 3215 ιε·
1091 3155 1200 3233 γίγνε-

191 3281 245 3324 ται
269 3255 393 3343 ρξηλδ’.
437 3266 540 3322 ταῦτα
557 3258 727 3343 παράβαλε
745 3258 833 3343 παρά
851 3257 911 3322 τὸν
930 3276 976 3339 ιγ·
999 3260 1147 3340 γίγνεται
1166 3260 1201 3341 ιβ

192 3416 247 3484 καὶ
279 3364 328 3484 ύά.
386 3418 549 3484 τοσούτου
580 3417 726 3501 ἀπόλαβε
756 3418 818 3502 την
849 3422 917 3481 ΑΕ
945 3416 1000 3482 καὶ
1033 3414 1201 3496 έπίζευξον

192 3527 254 3612 τὴν
276 3531 351 3591 ΔΕ.
664 3587 668 3598 ,
1214 3543 1244 3584 3ο
