2606 3868
512 145 791 227 Paonneonnra
1093 173 1159 227 xxi

145 341 258 419 figuras
281 339 393 416 partim
417 361 433 398 a
456 340 614 400 Vincentio
637 342 793 400 mutuatus
817 360 892 416 sum,
914 340 1025 417 partim
1045 342 1158 420 refinxi,

147 429 288 507 quoniam
318 449 383 503 eae,
413 449 488 505 quae
516 431 548 488 in
575 430 652 491 libro
680 431 831 490 Parisieco
859 434 941 506 sunt,
969 450 1028 490 non
1056 451 1156 491 omnes

146 519 270 579 idoneae
293 518 479 577 videbantur.

212 607 340 666 Heronis
378 607 580 683 similiumque
612 607 739 666 Heronis
777 608 955 683 scriptorum
991 608 1159 668 emendatio

147 696 245 754 facilis
269 699 313 755 est
336 695 496 772 eademque
520 696 662 755 difficilis:
685 696 790 772 facilis,
815 697 887 772 quia
908 696 955 754 illi
977 697 1010 755 in
1030 701 1163 775 angusto

146 784 306 844 verborum
347 787 377 842 et
417 785 634 843 sententiarum
670 804 743 862 gyro
780 785 866 861 quasi
903 786 1164 864 circumagunturp

145 872 289 947 difficilis,
313 873 386 948 quia
407 873 440 931 in
463 874 506 934 eis
528 873 616 932 rebus
640 873 822 950 explicandis
845 877 1015 950 versantur,
1039 895 1116 951 quae
1140 895 1165 934 a.

145 962 350 1021 litteratorum
368 962 475 1021 studiis
493 963 704 1039 plerorumque
723 963 837 1020 alienae
856 966 934 1021 sunt.
966 963 1075 1040 Itaque
1094 984 1162 1042 eg0‚,

144 1053 181 1110 ut
203 1052 292 1110 homo
316 1050 528 1128 grammaticus
549 1051 772 1110 mathematices
791 1071 898 1128 perum
916 1053 1040 1128 peritus,
1062 1054 1163 1112 multo

146 1141 245 1198 minus
268 1159 329 1214 me,
357 1158 447 1215 quam
469 1159 525 1216 par
548 1143 625 1215 eret,
654 1142 823 1199 assecutum
845 1159 907 1200 esse
931 1141 991 1200 scio
1014 1161 1161 1218 speroque

148 1229 221 1303 fore,
244 1231 280 1287 ut
303 1228 354 1286 alii
378 1228 549 1287 inchoatum
572 1247 645 1305 opus
668 1228 831 1305 perficiant.
874 1228 987 1298 Quodsi
1009 1249 1070 1306 qua
1087 1233 1160 1290 sunt

146 1317 179 1376 in
196 1318 252 1376 hoc
271 1317 431 1392 volumine,
455 1336 532 1394 quae
550 1317 659 1376 litteris
679 1319 840 1376 conducere
858 1318 1026 1394 videantur,
1045 1337 1080 1378 ea
1097 1338 1157 1378 non

145 1408 210 1464 tam
237 1405 312 1463 mihi
340 1408 461 1483 accepta
488 1407 591 1464 referri
620 1406 707 1482 cupio
731 1426 822 1483 quam
844 1407 925 1484 patri
946 1427 1012 1466 meo
1035 1407 1157 1484 optimo,

147 1495 200 1571 qui
220 1497 250 1552 et
267 1497 400 1570 repertos
420 1514 438 1553 a
456 1513 487 1554 sc
502 1495 534 1553 in
548 1495 647 1554 codice
662 1494 992 1576 Constantinopolitano
1006 1496 1158 1555 rationum

144 1582 318 1641 dimetiendi
340 1583 430 1642 libros
450 1583 577 1643 edendos
594 1584 669 1642 mihi
686 1585 812 1643 tradidit
831 1588 861 1644 et
880 1585 1158 1644 commentationem

146 1671 325 1747 dioptrieam
344 1691 411 1730 cum
429 1673 505 1731 libro
518 1673 670 1732 Parisiaeo
690 1673 911 1733 aecrrratissime
930 1675 1071 1732 collatam
1083 1674 1158 1734 mihi

146 1760 353 1820 commodavit.
385 1761 543 1820 Praeterea
556 1762 779 1822 Maximilianus
792 1762 882 1838 Nath,
900 1762 948 1822 vir
961 1763 1157 1839 doctissimus,

145 1848 219 1906 dum
246 1849 385 1924 plagulas
411 1868 478 1906 mea
502 1868 591 1908 causa
614 1852 705 1910 semel
727 1851 896 1927 iterumque
919 1851 1060 1929 perlegit,
1087 1871 1156 1910 acu-

145 1935 270 1994 tissimis
295 1936 549 1997 observationibus
573 1942 603 1997 et
626 1939 880 1999 emendationibus
904 1941 1020 2018 egregie
1043 1940 1079 1999 de
1101 1942 1158 1999 heo

148 2024 277 2083 editione
300 2023 417 2083 meruit.
462 2025 557 2084 Statio
580 2028 661 2103 haec,
684 2048 744 2087 non
766 2031 871 2105 portus
895 2032 951 2103 est3
977 2029 1014 2087 ad
1036 2032 1158 2106 portum

146 2111 207 2169 nisi
235 2111 392 2170 coniuncta
418 2115 583 2173 multorum
610 2136 700 2193 opera
726 2136 787 2176 non
808 2118 1004 2193 pervenietur.
1049 2118 1156 2194 Itaque

149 2199 175 2258 si
203 2198 422 2276 philologorum
450 2205 480 2261 et
505 2206 783 2264 mathematicorum
806 2206 906 2264 studia
929 2207 967 2265 ad
989 2208 1043 2266 hos
1065 2206 1157 2264 libros

147 2287 297 2365 legendos
316 2290 521 2366 emendandos,
538 2292 732 2354 illustrandos
747 2295 922 2369 excitavere,
941 2296 1157 2372 amplissimum

147 2376 258 2436 laboris
282 2379 447 2453 praemium
469 2385 642 2441 consecutus
666 2402 727 2442 esse
749 2384 824 2442 mihi
845 2383 975 2443 videbor.
