2606 3868
152 147 178 210 4
320 148 469 200 ΗΡΩΝΟΣ
487 145 753 206 ΑΛΕΞΑΝΔΡΕΩΣ
771 151 996 202 ΜΕΤΡΙΚΩΝΑ

153 306 210 374 καί
228 315 298 374 κυλ.
317 307 343 392 Ι,
374 309 415 372 33
435 309 496 373 vol.
516 308 531 373 I
550 333 581 394 p.
602 310 664 374 136
683 307 791 396 Heib.)
815 310 870 375 καί
893 312 944 376 ὅτι
966 312 1003 375 τὸ
1028 312 1162 395 στερεὸν

156 415 257 500 αύτής
280 416 341 480 δύο
359 417 554 502 τριτημόριά
573 415 640 481 ἐστι
658 426 719 482 τοῦ
737 418 1040 502 περιλαμβάνοντος
1058 417 1162 500 αὐτήν

154 523 338 607 κυλίνδρου
361 519 451 608 (ibid.
471 521 496 605 Ι,
518 521 562 586 34
580 522 784 587 corollarium
803 523 865 587 vol.
884 522 899 587 I
920 547 949 607 p.
972 522 1033 587 146
1052 521 1161 609 Heib.)
1295 597 1296 608 2

155 625 211 692 καί
230 628 290 692 ὅσα
307 629 435 693 τούτων
449 628 577 713 ἀδελφά
590 631 753 713 τυγχάνει.
791 629 969 712 ἀναγκαίας
983 625 1046 694 οὖν
1058 630 1163 714 ύκαρ-

157 735 278 818 χούσης
309 743 366 818 τής
393 734 564 819 εἰρημένης
590 739 811 822 πραγματείας
836 742 943 812 καλῶς
970 739 1058 820 ἔχειν
1084 736 1163 818 ήγη-
1192 754 1207 794 ⁵
1295 779 1296 784 κ

157 841 287 924 σάμεθα
323 851 537 924 συναγαγεῖν,
575 841 635 906 ὅσα
671 852 741 918 τοῖς
776 843 839 927 πρὸ
876 841 976 926 ήμῶν,
1001 843 1164 928 εὔχρηστα

158 944 400 1030 ἀναγέγραπται
449 945 504 1012 καὶ
553 948 613 1012 ὅσα
657 948 750 1032 ἡμεῖς
792 949 1164 1034 προ<σ>εθεωρήσαμεν.

158 1050 333 1136 ἀρξώμεθα
361 1049 398 1117 δὲ
426 1052 491 1117 ἀπὸ
519 1065 586 1117 τῶν
613 1052 777 1118 ἐπιπέδων
804 1057 1004 1138 μετρήσεων,
1038 1072 1164 1140 συμπα-

159 1160 424 1245 ραλαμβάνοντες
442 1169 511 1235 τοῖς
529 1157 695 1236 ἐπιπέδοις
713 1157 768 1224 καί
786 1163 844 1236 τὰς
858 1162 959 1237 άλλας
972 1161 1165 1246 ἐπιφανείας

157 1269 271 1340 κοίλας
301 1264 321 1348 ή
350 1266 487 1351 κυρτάς,
520 1263 693 1350 ἐπειδήπερ
721 1276 809 1331 πᾶσα
837 1265 1012 1351 ἐπιφάνεια
1040 1267 1075 1333 ἐκ
1102 1269 1164 1334 δύο
1179 1288 1208 1328 1⁰

159 1372 405 1454 <δια>στάσεων
432 1371 618 1436 ἐπινοεῖται.
663 1374 697 1438 αἰ
721 1369 758 1436 δὲ
781 1377 967 1460 συγκρίσεις
989 1386 1056 1438 τῶν
1079 1376 1166 1460 εἰρη-

159 1477 268 1562 μένων
301 1477 504 1562 ἐπιφανειῶν
534 1481 705 1560 γίγνονται
736 1481 819 1563 πρός
850 1504 882 1544 τι
914 1485 1036 1567 χωριόν
1065 1481 1166 1546 εὐθύ-

158 1587 311 1672 γραμμόν
337 1608 372 1648 τε
399 1581 454 1648 καλ
481 1583 706 1668 ὀρθογώνιον,
732 1584 971 1670 εὐθύγραμμον
993 1584 1068 1673 μὲν,
1097 1586 1167 1653 ἐπεὶ

159 1692 180 1776 ή
204 1691 320 1757 εὐθεῖα
343 1690 570 1775 ἀμετάπτωτος
590 1690 594 1773 ἰ
616 1689 683 1756 ἐστι
703 1693 792 1777 παρά
810 1693 867 1767 τάς
886 1693 987 1770 άλλας
1004 1696 1167 1780 γραμμάς·

159 1807 247 1863 πάσα
279 1799 342 1884 γάρ
375 1797 491 1863 εύθεῖα
523 1795 576 1862 ε’πί
608 1807 717 1863 πᾶσαν
747 1797 884 1864 εὐθεῖαν
912 1798 1100 1885 ἐφαρμόζει,
1133 1803 1167 1866 αἰ
1182 1819 1210 1860 1⁵

161 1901 198 1970 δὲ
221 1906 318 1970 άλλαι
340 1911 448 1970 κοῖλαι
471 1903 491 1987 ή
515 1903 632 1990 κυρταί
656 1904 696 1970 ού
719 1914 820 1971 πᾶσαι
844 1904 897 1971 ἐπί
915 1908 1029 1982 πάσας.
1070 1908 1099 1988 <.
1115 1958 1122 1972 .
1137 1909 1167 1990 .>

161 2011 214 2076 διὸ
237 2011 320 2096 πρὸς
344 2009 477 2094 ἕστηκός
500 2035 541 2094 τι,
565 2010 648 2094 λέγω
673 2007 710 2076 δέ
733 2013 793 2096 τήν
816 2011 963 2096 εὐθεῖαν,
987 2016 1035 2078 ἔτι
1059 2011 1095 2078 δέ
1113 2012 1168 2079 καί

160 2117 245 2202 πρὸς
275 2116 336 2198 τήν
368 2116 477 2201 ὀρθήν
508 2121 635 2198 γωνίαν
666 2119 726 2199 τήν
754 2117 930 2204 σύγκρισιν
959 2118 1168 2203 ἐποιήσαντο·

161 2224 263 2289 πάλιν
285 2224 348 2308 γάρ
371 2231 459 2287 πάσα
481 2222 567 2308 ὀρθή
592 2220 645 2286 ἐπί
668 2233 777 2287 πᾶσαν
800 2223 909 2309 ὀρθήν
928 2223 1111 2310 ἐφαρμόζει,
1135 2228 1169 2292 αἰ

163 2327 192 2394 δ’
220 2330 316 2394 ἀλλαι
340 2327 380 2392 ού
403 2337 504 2394 πᾶσαι
528 2326 580 2392 ἐπί
603 2330 716 2405 πάσας.
757 2334 902 2395 καλεῖται
925 2327 962 2394 δὲ
985 2341 1090 2416 πήχυς
1108 2329 1169 2418 μίν
1183 2351 1211 2391 2⁰

163 2435 319 2521 έμβαδὸς,
352 2435 431 2500 ὅταν
462 2439 586 2521 χωρίον
617 2437 824 2521 τετράγωνον
857 2435 996 2521 ἑκάστην
1022 2442 1170 2526 πλευράν

163 2545 220 2628 ἔχη
239 2544 357 2626 πήχεος
376 2541 463 2618 ἑνός·
486 2541 607 2626 ὁμοίως
625 2539 662 2606 δὲ
680 2539 735 2608 καί
754 2541 894 2626 ἐμβαδὸς
912 2553 996 2620 ποῦς
1014 2550 1170 2630 καλεῖται,

164 2650 244 2714 ὅταν
270 2652 393 2734 χωρίον
419 2649 627 2734 τετράγωνον
651 2651 708 2734 έχη
738 2646 876 2732 ἑκάστην
898 2653 1046 2738 πλευράν
1068 2654 1171 2729 ποδὸς

165 2753 246 2831 ἕνύς.
297 2757 380 2820 ὥστε
412 2756 446 2820 αἰ
478 2752 645 2840 εἰρημέναι
677 2755 865 2839 ἐπιφάνειαι
897 2759 954 2833 τάς
984 2763 1171 2845 συγκρίσεις

165 2863 370 2946 λαμβάνουσι
388 2862 470 2948 πρὸς
488 2863 528 2926 τά
547 2859 700 2948 εἰρημένα
717 2865 822 2947 χωρία
839 2861 859 2946 ή
878 2865 918 2928 τά
935 2865 1063 2930 τούτων
1080 2863 1171 2951 μέρη.
1187 2883 1215 2924 2⁵

165 2969 266 3034 πάλιν
294 2965 321 3032 δ
355 2963 396 3032 αὖ
424 2969 464 3032 τά
492 2970 606 3055 στερεά
633 2969 766 3053 σώματα
792 2970 850 3046 τάς
878 2974 1065 3056 συγκρίσεις
1092 2977 1172 3055 λαμ·
1281 3041 1284 3050 ,

166 3074 260 3159 βάνει
281 3075 364 3160 πρὸς
386 3078 510 3161 χωρίον
533 3077 666 3161 στερεὸν
683 3075 927 3161 1εύθύγραμμόν
945 3100 980 3142 τε
998 3075 1053 3142 καί
1071 3078 1173 3163 ὀρθο-
1295 3065 1296 3124 ἰ

167 3182 301 3264 γύνιον,
324 3181 429 3264 πάντη
455 3182 666 3268 ἰσόπλευρον·
693 3191 791 3248 τοῦτο
815 3181 854 3247 δέ
876 3182 943 3247 ἐστι
965 3184 1066 3268 κύβος
1088 3187 1173 3268 ἐχων

167 3285 307 3370 ἑκάστην
334 3289 482 3373 πλευράν
508 3289 581 3371 ήτοι
608 3290 727 3373 πήχεος
755 3286 829 3364 ἑνὸς
856 3287 876 3371 ή
904 3289 1007 3365 ποδὸς
1035 3288 1120 3366 ἑνός·
1152 3289 1173 3373 ή

173 3471 178 3478 2
239 3450 254 3497 7
287 3444 552 3516 προεθεωρήσαμενε
585 3444 692 3499 correxi
798 3451 814 3498 8
847 3443 943 3518 <τῶν>
969 3453 1024 3500 τῶν
1051 3446 1176 3518 Heiberg

41 3522 78 3527 “
169 3520 272 3571 10-11
288 3510 319 3569 ἐκ
333 3515 384 3571 δύο
398 3516 532 3575 στάσεως
547 3533 616 3572 corr.
626 3522 725 3571 man.3
777 3521 809 3570 16
823 3517 888 3584 μυεῖ
900 3515 991 3578 πάσας
1005 3517 1127 3585 spatium
1141 3524 1174 3571 16
