2606 3868
165 76 208 139 26
332 77 481 128 ΗΡΩΝΟΣ
500 71 767 131 ΑΔΕΞΑΝΔΡΕΩΣ
786 75 972 126 ΜΕΤΡΙΚΩΝ
991 75 1015 124 Α

57 254 99 294 τοι.
112 256 149 295 ιω
234 243 267 300 θ.
289 233 400 322 ΙἘιιεὶ
437 230 499 300 οὑν
530 234 699 319 ἐμάθομεν
730 236 896 320 τριγώνου
927 247 994 301 τῶν
1025 239 1181 318 πλευρῶν

166 344 333 408 δοθεισῶν
347 342 458 426 εὑρεῖν
471 341 508 406 τὸ
524 339 669 425 ἐμβαδὸν
683 341 782 426 ῥητης
796 343 897 424 οὔσης
911 340 1010 425 (τῆς)
1024 341 1180 424 καθέτου,

166 451 247 513 ἔστω
275 448 319 533 μὴ
348 449 447 534 ῥητῆς
473 448 685 533 ὑπαρχούσης
711 457 768 532 της
795 447 941 514 καθέτου
968 449 1005 512 τὸ
1034 447 1180 532 ἐμβαδὸν

166 555 284 639 εὑρεῖν.
336 556 416 619 ἔστω
449 556 513 640 γάρ
542 556 708 639 τρίγωνον
734 555 771 618 τὸ
800 557 903 619 ΑΒΓ
926 556 1003 638 ἔχον
1030 555 1091 637 την
1118 550 1180 638 μὸν

167 664 232 724 ΑΒ
259 662 416 744 μονάδων
442 685 478 744 η,
505 662 565 745 τὴν
594 656 630 725 δὸ
653 663 720 724 ΒΓ
740 661 897 744 μονάδων
920 686 942 743 ι,
970 660 1031 743 την
1053 656 1090 724 δὲ
1115 661 1184 724 ΑΓ
1209 678 1223 718 ι

165 767 321 849 μονάδων
345 769 398 850 ιβ·
421 763 475 830 καὶ
494 767 587 849 ἤχθω
607 766 747 841 κάθετος
765 764 785 849 ἡ
806 770 882 828 ΑΔ.
924 763 1119 843 άκολοὺθως
1138 769 1179 850 δη

166 883 235 948 τοῖς
263 870 315 936 ἐπὶ
343 881 403 938 τοῦ
431 871 616 954 ὀξυγωνίου
644 869 828 956 εἰρημένοις
856 873 947 935 ἐσται
972 873 1010 937 τὸ
1039 871 1091 950 δὸς
1113 873 1178 938 ὑιιὸ

167 980 267 1042 ΓΒΔ
293 979 448 1062 μονάδων
475 998 507 1043 κ·
537 977 557 1062 ἡ
586 979 650 1062 άρα
677 981 744 1042 ΒΔ
771 979 862 1042 ἔσται
888 979 1034 1062 μονάδος
1061 1004 1096 1062 α,
1124 978 1179 1044 καὶ

165 1086 202 1149 τὸ
231 1082 284 1149 ἀπ’
316 1084 416 1168 αὐτῆς
444 1086 507 1170 άρα
535 1085 679 1169 μονάδος
707 1108 736 1148 α.
782 1082 865 1148 άλλά
893 1082 947 1150 καὶ
972 1086 1010 1150 τὸ
1034 1085 1097 1150 άπὸ
1122 1095 1179 1169 τῆς

165 1195 231 1255 AB
258 1193 414 1275 μονάδων
441 1191 497 1270 ξδ’
527 1191 646 1256 λοιπὸν
674 1191 737 1275 άρα
764 1191 801 1254 τὸ
828 1190 892 1255 άπὸ
915 1200 973 1275 τῆς
996 1197 1065 1256 ΑΛ
1089 1195 1179 1258 ἔσται
1195 1212 1225 1250 1⁰

165 1299 321 1381 μονάδων
340 1298 391 1381 ξγ.
428 1297 512 1363 άλλά

164 1402 220 1468 καὶ
264 1407 302 1470 τὸ
343 1405 407 1469 άιιὸ
449 1406 518 1468 ΒΓ
719 1400 760 1466 B

165 1512 322 1594 μονάδων
341 1531 373 1594 ρ·
391 1511 428 1574 τὸ
449 1513 513 1596 άρα

166 1617 229 1682 άιιὸ
244 1620 312 1681 ΒΓ
327 1615 380 1682 ἐπὶ
395 1618 431 1682 τὸ
448 1617 512 1682 άιιὸ

166 1729 235 1787 ΑΔ
252 1726 341 1789 ἔσται
356 1725 513 1808 μονάδων

168 1851 227 1916 ,ςτ
241 1831 363 1895 τούτου
370 1826 407 1895 δὲ
415 1836 513 1895 ιιλευ-

167 1937 209 2019 ρά
255 1934 344 2001 ἐστιν
390 1937 407 2002 ὁ
448 1937 513 2002 ὑπὸ
561 1967 603 2046 Α

166 2044 234 2104 ΒΓ
248 2046 318 2105 ΑΔ
346 2041 411 2126 [ἐφ’
441 2041 514 2106 ἑαυ-

166 2146 254 2230 τόν]·
291 2147 308 2212 ὁ
345 2147 410 2211 ὑπὸ
447 2160 514 2213 τών

166 2255 234 2317 ΒΓ
244 2257 313 2317 ΑΔ
354 2255 417 2339 άρα
458 2253 509 2338 ἐφ’

167 2358 286 2425 ἑαυτὸν
318 2361 408 2424 ἔσται
440 2362 596 2444 μονάδων
628 2382 687 2445 ,ςτ
737 2362 774 2426 τὸ
807 2363 870 2446 άρα
897 2361 999 2445 η’μισυ
1026 2371 1086 2426 τοῦ
1113 2362 1180 2426 ὑπὸ

166 2469 233 2531 ΒΓ
243 2471 313 2530 ΑΔ
337 2465 388 2550 ἐφ’
417 2465 513 2532 ἑαυτὸ
537 2468 693 2552 μονάδων
716 2488 835 2554 ,αφοε
864 2462 911 2533 ὧν
933 2468 996 2553 γάρ
1019 2469 1181 2553 τετραγώ-

166 2598 235 2638 νων
267 2575 302 2639 αλ
332 2572 474 2659 πλευραὶ
506 2573 717 2651 διπλασίονες
744 2574 896 2658 άλληλων
923 2576 1022 2658 εἰσίν,
1055 2577 1094 2639 τά
1121 2573 1175 2639 ἀπ’

166 2680 276 2745 αὐτῶν
304 2681 523 2766 τετραπλάσιά
551 2679 641 2745 ἐστιν
668 2693 735 2746 τών
763 2680 826 2746 άπὸ
855 2693 922 2746 τών
944 2681 1097 2766 ἡμίσεων.
1142 2681 1179 2746 τὸ

166 2784 204 2852 δὲ
230 2788 332 2871 η’μισυ
358 2796 418 2852 τοῦ
445 2787 511 2852 ὑπὸ
539 2799 606 2852 τών
629 2791 766 2852 ΒΓΑΔ
792 2789 830 2853 τὸ
859 2787 1003 2873 ἐμβαδὸν
1029 2787 1097 2853 ἐστι
1119 2796 1180 2865 τοῦ
1198 2810 1228 2850 25

165 2895 344 2978 τριγώνου·
372 2896 463 2958 ἔστιν
491 2896 554 2979 άρα
582 2895 618 2958 τὸ
642 2904 701 2960 τοῦ
724 2896 890 2979 τριγώνου
913 2894 1057 2979 ἐμβαδὸν
1080 2895 1181 2959 δυνά-

165 3023 219 3084 μει
247 3025 361 3086 ,αφοε
407 3000 510 3079 ἔξεστι
538 2999 576 3066 δὲ
603 3014 669 3068 τῶν
697 3002 740 3085 ξγ
763 3003 823 3086 τὴν
845 3002 994 3086 πλευράν
1018 3002 1182 3084 σύνεγγυς

167 3109 311 3190 λαβόντα
335 3107 446 3191 εὑρεῖν
469 3109 505 3172 τὸ
531 3107 676 3192 ἐμβαδὸν
699 3109 743 3184 ώς
768 3108 866 3194 ῥητῆς
890 3109 990 3190 οὔσης
1008 3117 1065 3191 της
1084 3107 1181 3172 καθέ-
1198 3091 1211 3118 ⁸

239 3306 254 3352 2
279 3298 369 3381 <τῆς>
395 3299 493 3353 addidi
576 3305 679 3381 18719
704 3295 765 3370 [ἐφ’
791 3293 918 3422 ἕαντόνρι
943 3299 1048 3354 delevit
1070 3316 1143 3354 man.
1164 3305 1180 3353 2

204 3375 237 3424 25
249 3368 346 3440 ἥμισυς
356 3389 386 3424 1n
403 3367 515 3441 ἡμίσεος
528 3373 648 3425 mutant
659 3373 688 3424 et
705 3369 855 3442 <ιτλευρδι>
874 3386 890 3422 a
912 3369 938 3424 d.
952 3388 988 3424 m.
1002 3377 1017 3424 2
1034 3387 1182 3441 perperam

101 3472 129 3475 -
204 3447 238 3496 28
257 3441 379 3515 λαβόντα
401 3459 435 3496 ex
453 3445 550 3516 λαβεῖν
568 3461 603 3496 τα
621 3441 672 3496 fec.
687 3459 724 3494 m.
741 3446 754 3493 1
