<?xml version="1.0" encoding="UTF-8"?>
<!DOCTYPE html PUBLIC "-//W3C//DTD XHTML 1.0 Transitional//EN"
    "http://www.w3.org/TR/xhtml1/DTD/xhtml1-transitional.dtd">
<html xmlns="http://www.w3.org/1999/xhtml" xml:lang="en" lang="en">
 <head>
  <title>
</title>
<meta http-equiv="Content-Type" content="text/html;charset=utf-8" />
  <meta name='ocr-system' content='tesseract 3.04.00' />
  <meta name='ocr-capabilities' content='ocr_page ocr_carea ocr_par ocr_line ocrx_word'/>
</head>
<body>
  <div class='ocr_page' id='page_1' title='image "./heronisalexandr00schogoog_0213.png"; bbox 0 0 2654 3868; ppageno 0'>
   <div class='ocr_carea' id='block_1_1' title="bbox 181 206 1055 274">
    <p class='ocr_par' dir='ltr' id='par_1_1' title="bbox 181 206 1055 274">
     <span class='ocr_line' id='line_1_1' title="bbox 181 206 1055 274; baseline -0.01 -9"><span class='ocrx_word' id='word_1_1' title='bbox 181 209 244 274; x_wconf 88' lang='grc'><em>196</em></span> <span class='ocrx_word' id='word_1_2' title='bbox 314 207 464 262; x_wconf 83' lang='grc' dir='ltr'>ΗΡΩΝΟΣ</span> <span class='ocrx_word' id='word_1_3' title='bbox 483 206 748 264; x_wconf 75' lang='grc' dir='ltr'><strong>ΔΛΕΞΔΝΔΡΕΩΣ</strong></span> <span class='ocrx_word' id='word_1_4' title='bbox 767 207 854 259; x_wconf 87' lang='grc' dir='ltr'>ΠΕΡΙ</span> <span class='ocrx_word' id='word_1_5' title='bbox 871 207 1055 258; x_wconf 84' lang='grc' dir='ltr'>ΔΙΟΠΤΡΑΣ</span> 
     </span>
    </p>
   </div>
   <div class='ocr_carea' id='block_1_2' title="bbox 71 361 1318 3327">
    <p class='ocr_par' dir='ltr' id='par_1_2' title="bbox 83 361 1191 454">
     <span class='ocr_line' id='line_1_2' title="bbox 83 361 1191 454; baseline -0.007 -16"><span class='ocrx_word' id='word_1_6' title='bbox 83 401 105 438; x_wconf 77' lang='lat'><em>1&gt;-</em></span> <span class='ocrx_word' id='word_1_7' title='bbox 120 390 159 430; x_wconf 75' lang='lat'><em>182</em></span> <span class='ocrx_word' id='word_1_8' title='bbox 178 384 244 438; x_wconf 81' lang='grc' dir='ltr'><em>τῶν</em></span> <span class='ocrx_word' id='word_1_9' title='bbox 274 366 451 436; x_wconf 63' lang='grc' dir='ltr'><em>’κανονίιον</em></span> <span class='ocrx_word' id='word_1_10' title='bbox 491 373 624 454; x_wconf 79' lang='grc' dir='ltr'><em>κοχλίας</em></span> <span class='ocrx_word' id='word_1_11' title='bbox 666 371 747 434; x_wconf 75' lang='grc' dir='ltr'><em>ἔστω</em></span> <span class='ocrx_word' id='word_1_12' title='bbox 790 369 1026 452; x_wconf 79' lang='grc' dir='ltr'><em>στρεφόμενος,</em></span> <span class='ocrx_word' id='word_1_13' title='bbox 1068 361 1108 431; x_wconf 90' lang='grc' dir='ltr'><em>οὑ</em></span> <span class='ocrx_word' id='word_1_14' title='bbox 1150 367 1191 430; x_wconf 85' lang='grc' dir='ltr'><em>τά</em></span> 
     </span>
    </p>

    <p class='ocr_par' dir='ltr' id='par_1_3' title="bbox 71 472 1234 1200">
     <span class='ocr_line' id='line_1_3' title="bbox 71 472 1191 562; baseline 0.001 -26"><span class='ocrx_word' id='word_1_15' title='bbox 71 496 160 538; x_wconf 64' lang='grc' dir='ltr'><em>τοίου</em></span> <span class='ocrx_word' id='word_1_16' title='bbox 178 477 359 562; x_wconf 86' lang='grc' dir='ltr'><em>στη&lt;μάτια</em></span> <span class='ocrx_word' id='word_1_17' title='bbox 382 525 521 542; x_wconf 93' lang='grc'><strong>.......</strong></span> <span class='ocrx_word' id='word_1_18' title='bbox 523 477 544 561; x_wconf 89' lang='grc'>&gt;</span> <span class='ocrx_word' id='word_1_19' title='bbox 564 475 568 559; x_wconf 79' lang='grc' dir='ltr'>Ι</span> <span class='ocrx_word' id='word_1_20' title='bbox 589 475 736 560; x_wconf 83' lang='grc' dir='ltr'><em>άρμοστά</em></span> <span class='ocrx_word' id='word_1_21' title='bbox 758 482 803 562; x_wconf 76' lang='grc' dir='ltr'><em>τῷ</em></span> <span class='ocrx_word' id='word_1_22' title='bbox 827 472 987 561; x_wconf 76' lang='grc' dir='ltr'><strong><em>εἰρημένῳ</em></strong></span> <span class='ocrx_word' id='word_1_23' title='bbox 1010 475 1133 560; x_wconf 81' lang='grc' dir='ltr'><em>τόρμφ·</em></span> <span class='ocrx_word' id='word_1_24' title='bbox 1158 473 1191 537; x_wconf 84' lang='grc' dir='ltr'><em>ολ</em></span> 
     </span>
     <span class='ocr_line' id='line_1_4' title="bbox 178 581 1191 670; baseline -0.004 -22"><span class='ocrx_word' id='word_1_25' title='bbox 178 581 215 649; x_wconf 72' lang='grc' dir='ltr'><em>δὲ</em></span> <span class='ocrx_word' id='word_1_26' title='bbox 237 581 357 669; x_wconf 80' lang='grc' dir='ltr'><em>μακροὶ</em></span> <span class='ocrx_word' id='word_1_27' title='bbox 379 581 434 648; x_wconf 83' lang='grc' dir='ltr'><em>καλ</em></span> <span class='ocrx_word' id='word_1_28' title='bbox 458 584 490 648; x_wconf 86' lang='grc' dir='ltr'><em>ολ</em></span> <span class='ocrx_word' id='word_1_29' title='bbox 511 585 604 659; x_wconf 86' lang='grc' dir='ltr'><em>όντες</em></span> <span class='ocrx_word' id='word_1_30' title='bbox 625 591 669 670; x_wconf 76' lang='grc' dir='ltr'><em>τῷ</em></span> <span class='ocrx_word' id='word_1_31' title='bbox 689 583 799 669; x_wconf 84' lang='grc' dir='ltr'><em>τόρμφ</em></span> <span class='ocrx_word' id='word_1_32' title='bbox 818 583 1126 666; x_wconf 82' lang='grc' dir='ltr'><em>παρυπεραίρουσιν</em></span> <span class='ocrx_word' id='word_1_33' title='bbox 1144 581 1191 656; x_wconf 79' lang='grc' dir='ltr'><em>εἰς</em></span> 
     </span>
     <span class='ocr_line' id='line_1_5' title="bbox 178 683 1192 776; baseline -0.004 -21"><span class='ocrx_word' id='word_1_34' title='bbox 178 691 215 756; x_wconf 92' lang='grc' dir='ltr'><em>τὸ</em></span> <span class='ocrx_word' id='word_1_35' title='bbox 240 692 308 755; x_wconf 83' lang='grc' dir='ltr'><em>άνα</em></span> <span class='ocrx_word' id='word_1_36' title='bbox 331 687 430 776; x_wconf 80' lang='grc' dir='ltr'><em>μέρος</em></span> <span class='ocrx_word' id='word_1_37' title='bbox 453 690 534 755; x_wconf 84' lang='grc' dir='ltr'><em>ὅσον</em></span> <span class='ocrx_word' id='word_1_38' title='bbox 552 689 737 764; x_wconf 75' lang='grc' dir='ltr'><strong><em>δακτύλους</em></strong></span> <span class='ocrx_word' id='word_1_39' title='bbox 755 689 784 751; x_wconf 90' lang='grc' dir='ltr'><em>δ.</em></span> <span class='ocrx_word' id='word_1_40' title='bbox 818 686 854 752; x_wconf 92' lang='grc' dir='ltr'><em>έν</em></span> <span class='ocrx_word' id='word_1_41' title='bbox 872 683 910 752; x_wconf 71' lang='grc' dir='ltr'><em>δὲ</em></span> <span class='ocrx_word' id='word_1_42' title='bbox 927 697 966 772; x_wconf 73' lang='grc' dir='ltr'><em>τῇ</em></span> <span class='ocrx_word' id='word_1_43' title='bbox 985 683 1105 770; x_wconf 84' lang='grc' dir='ltr'><em>μεταξὺ</em></span> <span class='ocrx_word' id='word_1_44' title='bbox 1123 697 1192 751; x_wconf 81' lang='grc' dir='ltr'><em>τῶν</em></span> 
     </span>
     <span class='ocr_line' id='line_1_6' title="bbox 177 789 1234 883; baseline -0.007 -21"><span class='ocrx_word' id='word_1_45' title='bbox 177 797 351 882; x_wconf 79' lang='grc' dir='ltr'><strong><em>ὑπεροχῶν</em></strong></span> <span class='ocrx_word' id='word_1_46' title='bbox 370 797 462 883; x_wconf 78' lang='grc' dir='ltr'><em>χάρη</em></span> <span class='ocrx_word' id='word_1_47' title='bbox 480 795 690 881; x_wconf 81' lang='grc' dir='ltr'><em>έναρμόζεται</em></span> <span class='ocrx_word' id='word_1_48' title='bbox 708 794 820 860; x_wconf 85' lang='grc' dir='ltr'><em>κανὼν</em></span> <span class='ocrx_word' id='word_1_49' title='bbox 837 794 987 878; x_wconf 76' lang='grc' dir='ltr'><em>πλάγιος,</em></span> <span class='ocrx_word' id='word_1_50' title='bbox 1010 802 1112 877; x_wconf 78' lang='grc' dir='ltr'><em>μῆκος</em></span> <span class='ocrx_word' id='word_1_51' title='bbox 1129 789 1191 877; x_wconf 72' lang='grc' dir='ltr'><em>μὲν</em></span> <span class='ocrx_word' id='word_1_52' title='bbox 1221 814 1234 854; x_wconf 84' lang='lat'><strong>5</strong></span> 
     </span>
     <span class='ocr_line' id='line_1_7' title="bbox 179 897 1192 988; baseline -0.004 -20"><span class='ocrx_word' id='word_1_53' title='bbox 179 906 264 988; x_wconf 82' lang='grc' dir='ltr'><em>ἔχων</em></span> <span class='ocrx_word' id='word_1_54' title='bbox 292 904 336 980; x_wconf 81' lang='grc' dir='ltr'><em>ὡς</em></span> <span class='ocrx_word' id='word_1_55' title='bbox 357 904 472 987; x_wconf 82' lang='grc' dir='ltr'><em>πήχεις</em></span> <span class='ocrx_word' id='word_1_56' title='bbox 494 901 667 988; x_wconf 79' lang='grc' dir='ltr'><em>τέσσαρας,</em></span> <span class='ocrx_word' id='word_1_57' title='bbox 695 901 817 978; x_wconf 90' lang='grc' dir='ltr'><em>πλάτος</em></span> <span class='ocrx_word' id='word_1_58' title='bbox 845 897 882 964; x_wconf 72' lang='grc' dir='ltr'><em>δὲ</em></span> <span class='ocrx_word' id='word_1_59' title='bbox 904 898 959 964; x_wconf 87' lang='grc' dir='ltr'><em>καλ</em></span> <span class='ocrx_word' id='word_1_60' title='bbox 981 900 1085 984; x_wconf 86' lang='grc' dir='ltr'><em>πάχος</em></span> <span class='ocrx_word' id='word_1_61' title='bbox 1108 900 1192 964; x_wconf 81' lang='grc' dir='ltr'><em>ὥστε</em></span> 
     </span>
     <span class='ocr_line' id='line_1_8' title="bbox 180 1003 1192 1095; baseline -0.005 -20"><span class='ocrx_word' id='word_1_62' title='bbox 180 1010 332 1095; x_wconf 76' lang='grc' dir='ltr'><em>ἁρμόζειν</em></span> <span class='ocrx_word' id='word_1_63' title='bbox 360 1010 407 1086; x_wconf 84' lang='grc' dir='ltr'><em>είς</em></span> <span class='ocrx_word' id='word_1_64' title='bbox 433 1009 496 1092; x_wconf 81' lang='grc' dir='ltr'><em>την</em></span> <span class='ocrx_word' id='word_1_65' title='bbox 524 1006 700 1094; x_wconf 82' lang='grc' dir='ltr'><em>εἰρημένην</em></span> <span class='ocrx_word' id='word_1_66' title='bbox 727 1007 851 1092; x_wconf 83' lang='grc' dir='ltr'><em>χώραν·</em></span> <span class='ocrx_word' id='word_1_67' title='bbox 881 1004 936 1070; x_wconf 84' lang='grc' dir='ltr'><em>καὶ</em></span> <span class='ocrx_word' id='word_1_68' title='bbox 964 1003 1192 1090; x_wconf 87' lang='grc' dir='ltr'><em>διατεμνέσθοο</em></span> 
     </span>
     <span class='ocr_line' id='line_1_9' title="bbox 179 1114 602 1200; baseline -0.009 -18"><span class='ocrx_word' id='word_1_69' title='bbox 179 1114 234 1182; x_wconf 79' lang='grc' dir='ltr'><em>ὑτί</em></span> <span class='ocrx_word' id='word_1_70' title='bbox 264 1115 364 1200; x_wconf 77' lang='grc' dir='ltr'><em>αὐτῆς</em></span> <span class='ocrx_word' id='word_1_71' title='bbox 387 1117 469 1180; x_wconf 89' lang='grc' dir='ltr'><em>κατά</em></span> <span class='ocrx_word' id='word_1_72' title='bbox 491 1125 602 1199; x_wconf 82' lang='grc' dir='ltr'><em>μῆκος.</em></span> 
     </span>
    </p>

    <p class='ocr_par' dir='ltr' id='par_1_4' title="bbox 86 1218 1259 2051">
     <span class='ocr_line' id='line_1_10' title="bbox 86 1218 1259 1308; baseline -0.005 -18"><span class='ocrx_word' id='word_1_73' title='bbox 86 1253 107 1290; x_wconf 79' lang='lat'><em>1&gt;-</em></span> <span class='ocrx_word' id='word_1_74' title='bbox 122 1241 162 1282; x_wconf 79' lang='lat'><em>184</em></span> <span class='ocrx_word' id='word_1_75' title='bbox 247 1224 276 1287; x_wconf 92' lang='grc' dir='ltr'><em>δ.</em></span> <span class='ocrx_word' id='word_1_76' title='bbox 301 1221 361 1286; x_wconf 85' lang='grc' dir='ltr'><em>Ἐν</em></span> <span class='ocrx_word' id='word_1_77' title='bbox 388 1218 425 1286; x_wconf 77' lang='grc' dir='ltr'><em>δδ</em></span> <span class='ocrx_word' id='word_1_78' title='bbox 456 1231 495 1308; x_wconf 75' lang='grc' dir='ltr'><em>τῇ</em></span> <span class='ocrx_word' id='word_1_79' title='bbox 528 1222 596 1286; x_wconf 84' lang='grc' dir='ltr'><em>άνυ</em></span> <span class='ocrx_word' id='word_1_80' title='bbox 624 1219 800 1308; x_wconf 79' lang='grc' dir='ltr'><em>ἐπιφανείᾳ</em></span> <span class='ocrx_word' id='word_1_81' title='bbox 827 1228 887 1285; x_wconf 93' lang='grc' dir='ltr'><em>τοῦ</em></span> <span class='ocrx_word' id='word_1_82' title='bbox 914 1221 1055 1297; x_wconf 82' lang='grc' dir='ltr'><em>κανόνος</em></span> <span class='ocrx_word' id='word_1_83' title='bbox 1082 1219 1193 1302; x_wconf 76' lang='grc' dir='ltr'><em>σωλὴν</em></span> <span class='ocrx_word' id='word_1_84' title='bbox 1256 1243 1259 1253; x_wconf 91' lang='grc'>·</span> 
     </span>
     <span class='ocr_line' id='line_1_11' title="bbox 180 1325 1235 1414; baseline -0.009 -19"><span class='ocrx_word' id='word_1_85' title='bbox 180 1328 371 1413; x_wconf 84' lang='grc' dir='ltr'><em>έγκέκοπται</em></span> <span class='ocrx_word' id='word_1_86' title='bbox 398 1330 472 1412; x_wconf 75' lang='grc' dir='ltr'><em>ἤτοι</em></span> <span class='ocrx_word' id='word_1_87' title='bbox 499 1327 703 1413; x_wconf 76' lang='grc' dir='ltr'><em>στρογγύλος</em></span> <span class='ocrx_word' id='word_1_88' title='bbox 730 1325 750 1410; x_wconf 77' lang='grc' dir='ltr'><strong><em>ἣ</em></strong></span> <span class='ocrx_word' id='word_1_89' title='bbox 778 1327 996 1412; x_wconf 79' lang='grc' dir='ltr'><em>τετράγωνος,</em></span> <span class='ocrx_word' id='word_1_90' title='bbox 1024 1334 1071 1414; x_wconf 77' lang='grc' dir='ltr'><em>τῷ</em></span> <span class='ocrx_word' id='word_1_91' title='bbox 1097 1327 1193 1409; x_wconf 82' lang='grc' dir='ltr'><em>μηκει</em></span> <span class='ocrx_word' id='word_1_92' title='bbox 1209 1348 1235 1386; x_wconf 79' lang='grc' dir='ltr'><em>ιο</em></span> 
     </span>
     <span class='ocr_line' id='line_1_12' title="bbox 178 1431 1193 1521; baseline -0.006 -19"><span class='ocrx_word' id='word_1_93' title='bbox 178 1442 387 1521; x_wconf 82' lang='grc' dir='ltr'><em>τηλικοῦτος,</em></span> <span class='ocrx_word' id='word_1_94' title='bbox 425 1435 507 1499; x_wconf 82' lang='grc' dir='ltr'><em>ὥστε</em></span> <span class='ocrx_word' id='word_1_95' title='bbox 545 1431 704 1510; x_wconf 83' lang='grc' dir='ltr'><em>δέξασθαι</em></span> <span class='ocrx_word' id='word_1_96' title='bbox 742 1438 874 1514; x_wconf 81' lang='grc' dir='ltr'><em>συλῦνα</em></span> <span class='ocrx_word' id='word_1_97' title='bbox 910 1436 1055 1515; x_wconf 84' lang='grc' dir='ltr'><em>χαλκοῦν</em></span> <span class='ocrx_word' id='word_1_98' title='bbox 1090 1439 1193 1515; x_wconf 76' lang='grc' dir='ltr'><em>μῆκος</em></span> 
     </span>
     <span class='ocr_line' id='line_1_13' title="bbox 180 1539 1193 1627; baseline -0.006 -19"><span class='ocrx_word' id='word_1_99' title='bbox 180 1547 297 1627; x_wconf 79' lang='grc' dir='ltr'><em>ἔχοντα</em></span> <span class='ocrx_word' id='word_1_100' title='bbox 329 1544 469 1607; x_wconf 83' lang='grc' dir='ltr'><em>ἔλασσον</em></span> <span class='ocrx_word' id='word_1_101' title='bbox 500 1549 561 1605; x_wconf 90' lang='grc' dir='ltr'><em>τοῦ</em></span> <span class='ocrx_word' id='word_1_102' title='bbox 592 1541 734 1616; x_wconf 89' lang='grc' dir='ltr'><em>κανόνος</em></span> <span class='ocrx_word' id='word_1_103' title='bbox 766 1540 810 1615; x_wconf 77' lang='grc' dir='ltr'><em>ὡς</em></span> <span class='ocrx_word' id='word_1_104' title='bbox 843 1539 1026 1615; x_wconf 78' lang='grc' dir='ltr'><em>δακτύλους</em></span> <span class='ocrx_word' id='word_1_105' title='bbox 1056 1539 1193 1603; x_wconf 85' lang='grc' dir='ltr'><em>δώδεκα.</em></span> 
     </span>
     <span class='ocr_line' id='line_1_14' title="bbox 180 1641 1193 1738; baseline -0.005 -24"><span class='ocrx_word' id='word_1_106' title='bbox 180 1657 225 1738; x_wconf 77' lang='grc' dir='ltr'><em>τῷ</em></span> <span class='ocrx_word' id='word_1_107' title='bbox 244 1645 282 1714; x_wconf 71' lang='grc' dir='ltr'><em>δὲ</em></span> <span class='ocrx_word' id='word_1_108' title='bbox 299 1653 408 1736; x_wconf 76' lang='grc' dir='ltr'><em>χαλκῷ</em></span> <span class='ocrx_word' id='word_1_109' title='bbox 428 1652 552 1731; x_wconf 79' lang='grc' dir='ltr'><em>σαλῆνι</em></span> <span class='ocrx_word' id='word_1_110' title='bbox 570 1648 783 1731; x_wconf 84' lang='grc' dir='ltr'><em>πρόσκεινται</em></span> <span class='ocrx_word' id='word_1_111' title='bbox 804 1641 911 1730; x_wconf 75' lang='grc' dir='ltr'><em>ἕτεροι</em></span> <span class='ocrx_word' id='word_1_112' title='bbox 930 1649 1075 1729; x_wconf 80' lang='grc' dir='ltr'><em>σωλῆνες</em></span> <span class='ocrx_word' id='word_1_113' title='bbox 1093 1643 1193 1731; x_wconf 85' lang='grc' dir='ltr'><em>ὀρθοὶ</em></span> 
     </span>
     <span class='ocr_line' id='line_1_15' title="bbox 181 1751 1192 1839; baseline -0.004 -19"><span class='ocrx_word' id='word_1_114' title='bbox 181 1754 216 1820; x_wconf 81' lang='grc' dir='ltr'><em>ἐκ</em></span> <span class='ocrx_word' id='word_1_115' title='bbox 239 1765 306 1819; x_wconf 82' lang='grc' dir='ltr'><em>τῶν</em></span> <span class='ocrx_word' id='word_1_116' title='bbox 324 1757 445 1839; x_wconf 81' lang='grc' dir='ltr'><em>άκρων,</em></span> <span class='ocrx_word' id='word_1_117' title='bbox 464 1754 547 1818; x_wconf 78' lang='grc' dir='ltr'><em>ὥστε</em></span> <span class='ocrx_word' id='word_1_118' title='bbox 565 1753 678 1818; x_wconf 85' lang='grc' dir='ltr'><em>δοκεῖν</em></span> <span class='ocrx_word' id='word_1_119' title='bbox 696 1751 951 1836; x_wconf 83' lang='grc' dir='ltr'><em>ἀνακεκάμφθαι</em></span> <span class='ocrx_word' id='word_1_120' title='bbox 968 1753 1028 1817; x_wconf 89' lang='grc' dir='ltr'><em>τὸν</em></span> <span class='ocrx_word' id='word_1_121' title='bbox 1046 1757 1192 1835; x_wconf 79' lang='grc' dir='ltr'><em>σωλῆνα·</em></span> 
     </span>
     <span class='ocr_line' id='line_1_16' title="bbox 180 1859 1233 1946; baseline -0.008 -19"><span class='ocrx_word' id='word_1_122' title='bbox 180 1870 238 1946; x_wconf 79' lang='grc' dir='ltr'><em>τῆς</em></span> <span class='ocrx_word' id='word_1_123' title='bbox 265 1860 294 1925; x_wconf 86' lang='grc' dir='ltr'><em>δ’</em></span> <span class='ocrx_word' id='word_1_124' title='bbox 322 1861 516 1944; x_wconf 82' lang='grc' dir='ltr'><em>άνακαμπῆς</em></span> <span class='ocrx_word' id='word_1_125' title='bbox 542 1860 580 1925; x_wconf 91' lang='grc' dir='ltr'><em>τὸ</em></span> <span class='ocrx_word' id='word_1_126' title='bbox 607 1859 693 1938; x_wconf 80' lang='grc' dir='ltr'><em>ὑψος</em></span> <span class='ocrx_word' id='word_1_127' title='bbox 721 1859 763 1924; x_wconf 90' lang='grc' dir='ltr'><em>ού</em></span> <span class='ocrx_word' id='word_1_128' title='bbox 785 1864 902 1924; x_wconf 85' lang='grc' dir='ltr'><em>πλεῖον</em></span> <span class='ocrx_word' id='word_1_129' title='bbox 923 1861 1051 1941; x_wconf 89' lang='grc' dir='ltr'><em>γίνεται</em></span> <span class='ocrx_word' id='word_1_130' title='bbox 1074 1859 1193 1923; x_wconf 91' lang='grc' dir='ltr'><em>δακτύ-</em></span> <span class='ocrx_word' id='word_1_131' title='bbox 1208 1879 1233 1919; x_wconf 78' lang='lat'><em>15</em></span> 
     </span>
     <span class='ocr_line' id='line_1_17' title="bbox 182 1961 1193 2051; baseline -0.002 -19"><span class='ocrx_word' id='word_1_132' title='bbox 182 1973 250 2032; x_wconf 87' lang='grc' dir='ltr'><em>λων</em></span> <span class='ocrx_word' id='word_1_133' title='bbox 282 1967 353 2033; x_wconf 92' lang='grc' dir='ltr'><em>δύο.</em></span> <span class='ocrx_word' id='word_1_134' title='bbox 404 1961 474 2032; x_wconf 76' lang='grc' dir='ltr'><em>εἶτα</em></span> <span class='ocrx_word' id='word_1_135' title='bbox 502 1967 583 2051; x_wconf 79' lang='grc' dir='ltr'><em>μετὰ</em></span> <span class='ocrx_word' id='word_1_136' title='bbox 609 1974 707 2031; x_wconf 92' lang='grc' dir='ltr'><em>τοῦτο</em></span> <span class='ocrx_word' id='word_1_137' title='bbox 736 1964 973 2050; x_wconf 81' lang='grc' dir='ltr'><em>έπιπωμάζεται</em></span> <span class='ocrx_word' id='word_1_138' title='bbox 1003 1965 1021 2031; x_wconf 88' lang='grc' dir='ltr'><em>ὑ</em></span> <span class='ocrx_word' id='word_1_139' title='bbox 1051 1971 1193 2048; x_wconf 83' lang='grc' dir='ltr'><em>χαλκοῦς</em></span> 
     </span>
    </p>

    <p class='ocr_par' dir='ltr' id='par_1_5' title="bbox 88 2071 1318 3016">
     <span class='ocr_line' id='line_1_18' title="bbox 88 2071 1193 2157; baseline -0.001 -17"><span class='ocrx_word' id='word_1_140' title='bbox 88 2103 110 2140; x_wconf 82' lang='grc' dir='ltr'><em>ο.</em></span> <span class='ocrx_word' id='word_1_141' title='bbox 125 2093 164 2133; x_wconf 78' lang='lat'><em>1⁸6</em></span> <span class='ocrx_word' id='word_1_142' title='bbox 183 2073 294 2156; x_wconf 76' lang='grc' dir='ltr'><em>σωλὴν</em></span> <span class='ocrx_word' id='word_1_143' title='bbox 329 2075 446 2138; x_wconf 91' lang='grc' dir='ltr'><em>κανόνι</em></span> <span class='ocrx_word' id='word_1_144' title='bbox 484 2072 634 2156; x_wconf 80' lang='grc' dir='ltr'><em>ἐπιμηκει</em></span> <span class='ocrx_word' id='word_1_145' title='bbox 671 2071 847 2157; x_wconf 77' lang='grc' dir='ltr'><em>άρμόζοντι</em></span> <span class='ocrx_word' id='word_1_146' title='bbox 879 2072 926 2148; x_wconf 84' lang='grc' dir='ltr'><em>είς</em></span> <span class='ocrx_word' id='word_1_147' title='bbox 957 2073 1016 2137; x_wconf 91' lang='grc' dir='ltr'><em>τὸν</em></span> <span class='ocrx_word' id='word_1_148' title='bbox 1051 2077 1193 2156; x_wconf 79' lang='grc' dir='ltr'><em>σωληνα,</em></span> 
     </span>
     <span class='ocr_line' id='line_1_19' title="bbox 181 2175 1194 2264; baseline -0.001 -20"><span class='ocrx_word' id='word_1_149' title='bbox 181 2179 264 2245; x_wconf 81' lang='grc' dir='ltr'><em>ὥστε</em></span> <span class='ocrx_word' id='word_1_150' title='bbox 292 2178 444 2264; x_wconf 83' lang='grc' dir='ltr'><em>συνέχειν</em></span> <span class='ocrx_word' id='word_1_151' title='bbox 470 2180 530 2243; x_wconf 91' lang='grc' dir='ltr'><em>τόν</em></span> <span class='ocrx_word' id='word_1_152' title='bbox 557 2203 592 2243; x_wconf 86' lang='grc' dir='ltr'><em>τε</em></span> <span class='ocrx_word' id='word_1_153' title='bbox 622 2183 767 2262; x_wconf 83' lang='grc' dir='ltr'><em>χαλκοῦν</em></span> <span class='ocrx_word' id='word_1_154' title='bbox 795 2182 927 2262; x_wconf 80' lang='grc' dir='ltr'><em>σωλῆνα</em></span> <span class='ocrx_word' id='word_1_155' title='bbox 953 2175 1009 2242; x_wconf 86' lang='grc' dir='ltr'><em>καὶ</em></span> <span class='ocrx_word' id='word_1_156' title='bbox 1038 2177 1194 2264; x_wconf 84' lang='grc' dir='ltr'><em>εὐπρεπε-</em></span> 
     </span>
     <span class='ocr_line' id='line_1_20' title="bbox 182 2281 1194 2370; baseline 0 -20"><span class='ocrx_word' id='word_1_157' title='bbox 182 2282 302 2370; x_wconf 83' lang='grc' dir='ltr'><em>στέραν</em></span> <span class='ocrx_word' id='word_1_158' title='bbox 337 2287 398 2369; x_wconf 81' lang='grc' dir='ltr'><em>την</em></span> <span class='ocrx_word' id='word_1_159' title='bbox 434 2287 515 2363; x_wconf 78' lang='grc' dir='ltr'><em>όὺιν</em></span> <span class='ocrx_word' id='word_1_160' title='bbox 546 2283 710 2370; x_wconf 82' lang='grc' dir='ltr'><em>παρέχειν.</em></span> <span class='ocrx_word' id='word_1_161' title='bbox 756 2283 793 2349; x_wconf 83' lang='grc' dir='ltr'><em>έν</em></span> <span class='ocrx_word' id='word_1_162' title='bbox 825 2281 863 2349; x_wconf 68' lang='grc' dir='ltr'><em>δὲ</em></span> <span class='ocrx_word' id='word_1_163' title='bbox 898 2295 970 2361; x_wconf 80' lang='grc' dir='ltr'><em>ταῖς</em></span> <span class='ocrx_word' id='word_1_164' title='bbox 1007 2283 1194 2370; x_wconf 83' lang='grc' dir='ltr'><em>εἰρημέναις</em></span> 
     </span>
     <span class='ocr_line' id='line_1_21' title="bbox 182 2389 1233 2481; baseline -0.005 -25"><span class='ocrx_word' id='word_1_165' title='bbox 182 2390 388 2475; x_wconf 83' lang='grc' dir='ltr'><em>άνακαμπαῖς</em></span> <span class='ocrx_word' id='word_1_166' title='bbox 428 2399 489 2455; x_wconf 91' lang='grc' dir='ltr'><em>τοῦ</em></span> <span class='ocrx_word' id='word_1_167' title='bbox 532 2396 680 2474; x_wconf 81' lang='grc' dir='ltr'><em>σωληνος</em></span> <span class='ocrx_word' id='word_1_168' title='bbox 723 2389 934 2476; x_wconf 77' lang='grc' dir='ltr'><em>ἐναρμόζεται</em></span> <span class='ocrx_word' id='word_1_169' title='bbox 974 2389 1011 2456; x_wconf 83' lang='grc' dir='ltr'><em>ἐν</em></span> <span class='ocrx_word' id='word_1_170' title='bbox 1057 2389 1233 2481; x_wconf 26' lang='grc' dir='ltr'><em>ἑκατέρᾳὶεο</em></span> 
     </span>
     <span class='ocr_line' id='line_1_22' title="bbox 182 2494 1194 2585; baseline -0.004 -19"><span class='ocrx_word' id='word_1_171' title='bbox 182 2498 323 2566; x_wconf 91' lang='grc' dir='ltr'><em>ὑάλινον</em></span> <span class='ocrx_word' id='word_1_172' title='bbox 359 2499 554 2583; x_wconf 92' lang='grc' dir='ltr'><em>κυλίνδριον</em></span> <span class='ocrx_word' id='word_1_173' title='bbox 590 2498 693 2582; x_wconf 91' lang='grc' dir='ltr'><em>πάχος</em></span> <span class='ocrx_word' id='word_1_174' title='bbox 728 2494 790 2581; x_wconf 69' lang='grc' dir='ltr'><em>μὲν</em></span> <span class='ocrx_word' id='word_1_175' title='bbox 828 2500 905 2582; x_wconf 79' lang='grc' dir='ltr'><em>ἔχον</em></span> <span class='ocrx_word' id='word_1_176' title='bbox 945 2497 1112 2583; x_wconf 82' lang='grc' dir='ltr'><em>ἁρμοστὸν</em></span> <span class='ocrx_word' id='word_1_177' title='bbox 1148 2506 1194 2585; x_wconf 78' lang='grc' dir='ltr'><em>τῷ</em></span> 
     </span>
     <span class='ocr_line' id='line_1_23' title="bbox 184 2591 1194 2690; baseline -0.001 -20"><span class='ocrx_word' id='word_1_178' title='bbox 184 2609 319 2689; x_wconf 80' lang='grc' dir='ltr'><em>σωλῆνι,</em></span> <span class='ocrx_word' id='word_1_179' title='bbox 341 2603 427 2683; x_wconf 81' lang='grc' dir='ltr'><em>ὑψος</em></span> <span class='ocrx_word' id='word_1_180' title='bbox 451 2599 488 2668; x_wconf 71' lang='grc' dir='ltr'><em>δὲ</em></span> <span class='ocrx_word' id='word_1_181' title='bbox 512 2604 556 2681; x_wconf 77' lang='grc' dir='ltr'><em>ὡς</em></span> <span class='ocrx_word' id='word_1_182' title='bbox 575 2603 749 2669; x_wconf 80' lang='grc' dir='ltr'><em>δακτύλων</em></span> <span class='ocrx_word' id='word_1_183' title='bbox 767 2591 908 2669; x_wconf 83' lang='grc' dir='ltr'><em>δάδεκα·</em></span> <span class='ocrx_word' id='word_1_184' title='bbox 932 2599 1002 2669; x_wconf 80' lang='grc' dir='ltr'><em>εἶτα</em></span> <span class='ocrx_word' id='word_1_185' title='bbox 1024 2621 1194 2690; x_wconf 79' lang='grc' dir='ltr'><em>περιστεγ-</em></span> 
     </span>
     <span class='ocr_line' id='line_1_24' title="bbox 182 2709 1193 2799; baseline -0.002 -21"><span class='ocrx_word' id='word_1_186' title='bbox 182 2721 299 2778; x_wconf 88' lang='grc' dir='ltr'><em>νοῦται</em></span> <span class='ocrx_word' id='word_1_187' title='bbox 329 2713 375 2788; x_wconf 84' lang='grc' dir='ltr'><em>είς</em></span> <span class='ocrx_word' id='word_1_188' title='bbox 404 2713 460 2786; x_wconf 85' lang='grc' dir='ltr'><em>τάς</em></span> <span class='ocrx_word' id='word_1_189' title='bbox 483 2709 676 2795; x_wconf 86' lang='grc' dir='ltr'><em>ἀνακαμπδις</em></span> <span class='ocrx_word' id='word_1_190' title='bbox 698 2711 739 2774; x_wconf 86' lang='grc' dir='ltr'><em>τά</em></span> <span class='ocrx_word' id='word_1_191' title='bbox 761 2710 883 2775; x_wconf 88' lang='grc' dir='ltr'><em>ὑάλινα</em></span> <span class='ocrx_word' id='word_1_192' title='bbox 904 2712 1081 2796; x_wconf 91' lang='grc' dir='ltr'><em>κυλίνδρια</em></span> <span class='ocrx_word' id='word_1_193' title='bbox 1103 2718 1193 2799; x_wconf 76' lang='grc' dir='ltr'><em>κηρῷ</em></span> 
     </span>
     <span class='ocr_line' id='line_1_25' title="bbox 183 2814 1194 2906; baseline -0.001 -23"><span class='ocrx_word' id='word_1_194' title='bbox 183 2817 313 2906; x_wconf 76' lang='grc' dir='ltr'><em>ἢάλλφ</em></span> <span class='ocrx_word' id='word_1_195' title='bbox 334 2814 401 2882; x_wconf 81' lang='grc' dir='ltr'><em>τινὶ</em></span> <span class='ocrx_word' id='word_1_196' title='bbox 423 2818 638 2901; x_wconf 82' lang='grc' dir='ltr'><em>στεγνάματι,</em></span> <span class='ocrx_word' id='word_1_197' title='bbox 660 2817 743 2903; x_wconf 84' lang='grc' dir='ltr'><em>πρὸς</em></span> <span class='ocrx_word' id='word_1_198' title='bbox 765 2817 802 2882; x_wconf 87' lang='grc' dir='ltr'><em>τὸ</em></span> <span class='ocrx_word' id='word_1_199' title='bbox 826 2817 948 2893; x_wconf 87' lang='grc' dir='ltr'><em>ὑδατος</em></span> <span class='ocrx_word' id='word_1_200' title='bbox 971 2816 1194 2902; x_wconf 75' lang='grc' dir='ltr'><em>ἐμβληθέντος</em></span> 
     </span>
     <span class='ocr_line' id='line_1_26' title="bbox 184 2922 1318 3016; baseline -0.004 -26"><span class='ocrx_word' id='word_1_201' title='bbox 184 2922 228 2990; x_wconf 88' lang='grc' dir='ltr'><em>δι’</em></span> <span class='ocrx_word' id='word_1_202' title='bbox 256 2922 330 3002; x_wconf 83' lang='grc' dir='ltr'><em>ἑνὸς</em></span> <span class='ocrx_word' id='word_1_203' title='bbox 352 2935 420 2990; x_wconf 86' lang='grc' dir='ltr'><em>τῦν</em></span> <span class='ocrx_word' id='word_1_204' title='bbox 442 2925 646 3009; x_wconf 87' lang='grc' dir='ltr'><em>κυλινδρίων</em></span> <span class='ocrx_word' id='word_1_205' title='bbox 668 2925 864 3008; x_wconf 77' lang='grc' dir='ltr'><em>μηδαμόθεν</em></span> <span class='ocrx_word' id='word_1_206' title='bbox 886 2925 1045 3009; x_wconf 84' lang='grc' dir='ltr'><em>διαρρεῖν.</em></span> <span class='ocrx_word' id='word_1_207' title='bbox 1207 2945 1233 2986; x_wconf 79' lang='grc' dir='ltr'><em>ετ</em></span> <span class='ocrx_word' id='word_1_208' title='bbox 1315 2974 1318 3016; x_wconf 43' lang='grc' dir='ltr'><em>χ</em></span> 
     </span>
    </p>

    <p class='ocr_par' dir='ltr' id='par_1_6' title="bbox 251 3027 1194 3118">
     <span class='ocr_line' id='line_1_27' title="bbox 251 3027 1194 3118; baseline -0.002 -22"><span class='ocrx_word' id='word_1_209' title='bbox 251 3034 441 3117; x_wconf 85' lang='grc' dir='ltr'><em>Περίκειται</em></span> <span class='ocrx_word' id='word_1_210' title='bbox 473 3027 510 3094; x_wconf 72' lang='grc' dir='ltr'><em>δὲ</em></span> <span class='ocrx_word' id='word_1_211' title='bbox 542 3037 587 3118; x_wconf 79' lang='grc' dir='ltr'><em>τῷ</em></span> <span class='ocrx_word' id='word_1_212' title='bbox 623 3033 752 3118; x_wconf 80' lang='grc' dir='ltr'><em>πλαγίῳ</em></span> <span class='ocrx_word' id='word_1_213' title='bbox 782 3032 900 3095; x_wconf 90' lang='grc' dir='ltr'><em>κανόνι</em></span> <span class='ocrx_word' id='word_1_214' title='bbox 933 3030 1099 3114; x_wconf 92' lang='grc' dir='ltr'><em>πηγμάτια</em></span> <span class='ocrx_word' id='word_1_215' title='bbox 1131 3030 1194 3095; x_wconf 94' lang='grc' dir='ltr'><em>δύο</em></span> 
     </span>
    </p>

    <p class='ocr_par' dir='ltr' id='par_1_7' title="bbox 184 3128 1195 3327">
     <span class='ocr_line' id='line_1_28' title="bbox 184 3128 1194 3223; baseline -0.001 -20"><span class='ocrx_word' id='word_1_216' title='bbox 184 3139 266 3203; x_wconf 82' lang='grc' dir='ltr'><em>κατὰ</em></span> <span class='ocrx_word' id='word_1_217' title='bbox 288 3139 367 3214; x_wconf 91' lang='grc' dir='ltr'><em>τοὺς</em></span> <span class='ocrx_word' id='word_1_218' title='bbox 388 3139 521 3220; x_wconf 83' lang='grc' dir='ltr'><em>τόπους,</em></span> <span class='ocrx_word' id='word_1_219' title='bbox 550 3136 587 3201; x_wconf 87' lang='grc' dir='ltr'><em>έν</em></span> <span class='ocrx_word' id='word_1_220' title='bbox 614 3128 664 3214; x_wconf 84' lang='grc' dir='ltr'><em>οἷς</em></span> <span class='ocrx_word' id='word_1_221' title='bbox 688 3136 779 3202; x_wconf 79' lang='grc' dir='ltr'><em>ἐστιν</em></span> <span class='ocrx_word' id='word_1_222' title='bbox 800 3138 841 3202; x_wconf 82' lang='grc' dir='ltr'><em>τά</em></span> <span class='ocrx_word' id='word_1_223' title='bbox 863 3137 985 3203; x_wconf 84' lang='grc' dir='ltr'><em>ὑάλινα</em></span> <span class='ocrx_word' id='word_1_224' title='bbox 1007 3138 1194 3223; x_wconf 83' lang='grc' dir='ltr'><em>κυλίνδρια,</em></span> 
     </span>
     <span class='ocr_line' id='line_1_29' title="bbox 185 3242 1195 3327; baseline -0.001 -17"><span class='ocrx_word' id='word_1_225' title='bbox 185 3245 267 3310; x_wconf 80' lang='grc' dir='ltr'><em>ὥστε</em></span> <span class='ocrx_word' id='word_1_226' title='bbox 290 3242 334 3309; x_wconf 93' lang='grc' dir='ltr'><em>δι’</em></span> <span class='ocrx_word' id='word_1_227' title='bbox 363 3243 474 3309; x_wconf 82' lang='grc' dir='ltr'><em>αὐτῶν</em></span> <span class='ocrx_word' id='word_1_228' title='bbox 497 3245 676 3308; x_wconf 77' lang='grc' dir='ltr'><em>διελθόντα</em></span> <span class='ocrx_word' id='word_1_229' title='bbox 697 3244 738 3308; x_wconf 83' lang='grc' dir='ltr'><em>τά</em></span> <span class='ocrx_word' id='word_1_230' title='bbox 759 3243 881 3309; x_wconf 83' lang='grc' dir='ltr'><em>ὑάλινα</em></span> <span class='ocrx_word' id='word_1_231' title='bbox 904 3242 1113 3327; x_wconf 85' lang='grc' dir='ltr'><em>συνέχεσθαι.</em></span> <span class='ocrx_word' id='word_1_232' title='bbox 1158 3242 1195 3309; x_wconf 84' lang='grc' dir='ltr'><em>έν</em></span> 
     </span>
    </p>
   </div>
   <div class='ocr_carea' id='block_1_3' title="bbox 60 3423 1194 3656">
    <p class='ocr_par' dir='ltr' id='par_1_8' title="bbox 60 3423 1194 3656">
     <span class='ocr_line' id='line_1_30' title="bbox 257 3423 1193 3507; baseline -0.002 -16"><span class='ocrx_word' id='word_1_233' title='bbox 257 3443 272 3491; x_wconf 78' lang='lat'><strong>2</strong></span> <span class='ocrx_word' id='word_1_234' title='bbox 286 3439 351 3507; x_wconf 79' lang='lat' dir='ltr'><strong>post</strong></span> <span class='ocrx_word' id='word_1_235' title='bbox 365 3454 413 3506; x_wconf 88' lang='grc' dir='ltr'><em>στη</em></span> <span class='ocrx_word' id='word_1_236' title='bbox 428 3433 490 3490; x_wconf 77' lang='lat' dir='ltr'>hiat</span> <span class='ocrx_word' id='word_1_237' title='bbox 504 3434 666 3505; x_wconf 76' lang='lat' dir='ltr'><strong>disputatio,</strong></span> <span class='ocrx_word' id='word_1_238' title='bbox 682 3435 784 3490; x_wconf 78' lang='lat' dir='ltr'><strong>desunt</strong></span> <span class='ocrx_word' id='word_1_239' title='bbox 797 3441 814 3488; x_wconf 78' lang='lat'>4</span> <span class='ocrx_word' id='word_1_240' title='bbox 826 3423 904 3504; x_wconf 70' lang='lat' dir='ltr'><strong>folia,</strong></span> <span class='ocrx_word' id='word_1_241' title='bbox 919 3435 953 3490; x_wconf 84' lang='lat' dir='ltr'><em>cf.</em></span> <span class='ocrx_word' id='word_1_242' title='bbox 963 3433 1068 3504; x_wconf 81' lang='lat' dir='ltr'>proleg.</span> <span class='ocrx_word' id='word_1_243' title='bbox 1079 3453 1105 3504; x_wconf 88' lang='lat' dir='ltr'><em>p.</em></span> <span class='ocrx_word' id='word_1_244' title='bbox 1117 3434 1193 3502; x_wconf 79' lang='lat' dir='ltr'>XIV3</span> 
     </span>
     <span class='ocr_line' id='line_1_31' title="bbox 60 3506 1194 3582; baseline -0.001 -21"><span class='ocrx_word' id='word_1_245' title='bbox 60 3552 133 3576; x_wconf 57' lang='lat'><em>„-</em></span> <span class='ocrx_word' id='word_1_246' title='bbox 186 3507 204 3563; x_wconf 84' lang='lat' dir='ltr'><em>f.</em></span> <span class='ocrx_word' id='word_1_247' title='bbox 224 3507 380 3582; x_wconf 88' lang='grc' dir='ltr'><em>στη&lt;μάτια</em></span> <span class='ocrx_word' id='word_1_248' title='bbox 399 3514 511 3576; x_wconf 81' lang='grc' dir='ltr'><em>συμφυῆ</em></span> <span class='ocrx_word' id='word_1_249' title='bbox 530 3509 637 3576; x_wconf 83' lang='grc' dir='ltr'><em>γίνεται</em></span> <span class='ocrx_word' id='word_1_250' title='bbox 650 3513 683 3576; x_wconf 76' lang='grc' dir='ltr'><em>τῇ</em></span> <span class='ocrx_word' id='word_1_251' title='bbox 697 3508 808 3578; x_wconf 82' lang='grc' dir='ltr'><em>πλίνθῳ</em></span> <span class='ocrx_word' id='word_1_252' title='bbox 824 3549 900 3561; x_wconf 91' lang='grc'>.....</span> <span class='ocrx_word' id='word_1_253' title='bbox 913 3506 940 3577; x_wconf 90' lang='grc'><em>.&gt;</em></span> <span class='ocrx_word' id='word_1_254' title='bbox 999 3507 1132 3574; x_wconf 78' lang='grc' dir='ltr'><em>δμακρολ</em></span> <span class='ocrx_word' id='word_1_255' title='bbox 1146 3507 1194 3560; x_wconf 84' lang='grc' dir='ltr'><em>καλ</em></span> 
     </span>
     <span class='ocr_line' id='line_1_32' title="bbox 186 3575 1194 3656; baseline -0.004 -22"><span class='ocrx_word' id='word_1_256' title='bbox 186 3575 216 3634; x_wconf 78' lang='grc' dir='ltr'><em>οἷ</em></span> <span class='ocrx_word' id='word_1_257' title='bbox 231 3579 321 3644; x_wconf 71' lang='grc' dir='ltr'><em>ύντεςε</em></span> <span class='ocrx_word' id='word_1_258' title='bbox 340 3579 358 3636; x_wconf 88' lang='lat' dir='ltr'><em>f.</em></span> <span class='ocrx_word' id='word_1_259' title='bbox 374 3579 422 3634; x_wconf 85' lang='grc' dir='ltr'><em>καλ</em></span> <span class='ocrx_word' id='word_1_260' title='bbox 437 3596 465 3656; x_wconf 47' lang='grc' dir='ltr'><em>ρει</em></span> <span class='ocrx_word' id='word_1_261' title='bbox 479 3577 507 3649; x_wconf 88' lang='lat' dir='ltr'><em>(i.</em></span> <span class='ocrx_word' id='word_1_262' title='bbox 523 3593 545 3632; x_wconf 85' lang='lat' dir='ltr'><em>e.</em></span> <span class='ocrx_word' id='word_1_263' title='bbox 561 3575 740 3648; x_wconf 87' lang='grc' dir='ltr'><em>παράλληλοι)</em></span> <span class='ocrx_word' id='word_1_264' title='bbox 756 3577 834 3638; x_wconf 83' lang='grc' dir='ltr'><em>όντες</em></span> <span class='ocrx_word' id='word_1_265' title='bbox 847 3578 894 3646; x_wconf 81' lang='lat' dir='ltr'><strong>(sc.</strong></span> <span class='ocrx_word' id='word_1_266' title='bbox 910 3576 1038 3645; x_wconf 82' lang='grc' dir='ltr'><em>κανόνες)</em></span> <span class='ocrx_word' id='word_1_267' title='bbox 1101 3582 1116 3629; x_wconf 75' lang='lat'><strong>7</strong></span> <span class='ocrx_word' id='word_1_268' title='bbox 1131 3577 1194 3630; x_wconf 89' lang='grc' dir='ltr'><em>δια-</em></span> 
     </span>
    </p>
   </div>
   <div class='ocr_carea' id='block_1_4' title="bbox 0 0 1348 3868">
    <p class='ocr_par' dir='ltr' id='par_1_9' title="bbox 0 0 1348 3868">
     <span class='ocr_line' id='line_1_33' title="bbox 0 0 1348 3868; baseline 0 0"><span class='ocrx_word' id='word_1_269' title='bbox 0 0 1348 3868; x_wconf 95' lang='lat' dir='ltr'><em> </em></span> 
     </span>
    </p>
   </div>
  </div>
 </body>
</html>
