2642 3872
178 181 243 248 288
313 183 463 235 ΗΡΩΝΟΣ
481 182 747 238 ΔΛΕΞΑΝΔΡΕΩΣ
766 183 853 234 ΠΕΡΙ
870 183 1055 234 ΔῙΟΠΤΡΔΣ

178 353 225 432 τῷ
242 345 415 431 τυμπάνφ,
436 342 477 408 ὃν
494 344 614 429 γράψει
632 344 669 408 τὸ
692 352 752 409 τοῦ
770 345 1059 428 μοιρογνωμονίου
1084 343 1192 428 ἀκρον

180 459 239 516 ’τοῦ
268 449 305 515 ἐν
331 458 376 537 τῷ
404 452 535 515 κανόνι·
561 448 616 514 καί
644 459 765 515 τοῦτον
791 451 967 534 ὑιελοῦμεν
994 451 1041 525 εἰς
1070 451 1192 534 μοίρας

181 556 225 635 τξ.
263 555 343 622 ὅταν
361 551 424 622 οὖν
441 558 640 641 βουλώμεθα
663 556 725 622 δύο
745 555 893 642 ἀστέρων
910 557 947 620 τὸ
970 554 1090 641 μεταξὺ
1116 555 1192 619 διά-

181 680 286 748 στημα
300 661 551 746 ἐπισκέψασθαι,
575 663 664 728 ὅσων
678 674 805 748 μοιρῶν
822 661 973 748 ὑπάρχει,
992 661 1051 727 ἐάν
1068 686 1102 728 τε
1121 674 1192 728 τῶν

178 775 354 853 πλανητῶν
389 770 505 853 είησάν
531 792 619 846 τινες
641 769 661 852 ἦ
689 767 744 834 καὶ
771 780 839 834 τῶν
868 768 1026 834 ἀπλανῶν
1047 767 1068 852 ἢ
1091 767 1189 836 καὶὸ
1223 790 1236 830 5

179 872 241 960 μέν
263 874 373 962 ἕτερος
396 875 506 940 αὐτῶν
528 882 578 959 είη
602 886 670 940 τῶν
692 874 864 959 ἀπλανῶν,
887 875 905 941 ὁ
929 871 967 940 δέ
989 873 1100 961 έτερος
1121 887 1191 941 τῶν

178 988 364 1066 πλανητῶν,
388 982 566 1067 ἀφελόντες
588 983 648 1047 τὸν
670 984 804 1066 κανόνα,
828 980 870 1047 δι’
900 977 940 1048 οὑ
960 983 1188 1067 ἀιοπτεάομεν,

86 1118 109 1156 ε.
124 1107 163 1148 2⁹8
180 1089 244 1154 ἀπὸ
280 1098 340 1155 τοῦ
377 1090 550 1173 τυμπάνου
587 1088 781 1173 ἐγκλίνομεν
820 1088 900 1154 αὐτὸ
936 1089 973 1154 τὸ
1005 1090 1188 1174 τύμπανον,
1235 1160 1238 1166 .

178 1198 273 1283 ἀχρις
286 1195 329 1261 ἀν
347 1197 403 1261 διὰ
421 1205 481 1261 τοῦ
500 1195 659 1260 ἐπιπέδου
677 1194 781 1261 αὑτοῦ
798 1207 951 1280 φανῶσιν
969 1196 1002 1260 οί
1020 1195 1188 1282 εἰρημένοι

178 1301 311 1390 ἀστέρες
334 1304 400 1387 ἀμα
422 1302 611 1388 ἀμφότεροι.
658 1298 714 1367 εἶτ’
742 1300 887 1378 ἐντιθείς
913 1303 973 1367 τὸν
995 1304 1120 1368 κανόνα
1142 1303 1188 1379 ὡς
1203 1325 1234 1363 ιο

178 1417 334 1494 εἴθισται,
352 1421 420 1475 τῶν
438 1411 549 1475 ἀλλων
567 1407 742 1493 ἀκινήτων,
761 1408 945 1495 ἐπιστρέψω
963 1408 1075 1492 αὐτὸν,
1094 1410 1189 1494 ἀχρις

179 1516 221 1582 ἀν
244 1508 291 1593 είς
313 1528 380 1582 τῶν
402 1515 550 1602 ἀστέρων
573 1525 677 1602 φανῇ·
703 1513 758 1580 καί
787 1517 1105 1602 παρασημηνάμενος
1127 1517 1188 1599 την

178 1633 314 1708 μοῖραν,
337 1621 411 1688 καθ’
439 1622 482 1706 ἣν
505 1623 542 1687 έν
565 1632 632 1687 τῶν
655 1626 950 1708 μοιρογνωμονίων
972 1622 1112 1708 ὑπάρχει
1136 1621 1187 1706 [τὸ

178 1728 277 1815 μέρος
300 1728 430 1814 αὐτῆς],
454 1727 638 1815 ἐκιστρέφω
661 1729 721 1794 τὸν
743 1731 882 1813 κανόνα,
910 1731 1004 1814 ἀχρις
1027 1723 1068 1794 οὑ
1090 1726 1145 1793 καί
1169 1729 1187 1794 ὁ

179 1834 289 1922 ἕτερος
316 1835 419 1922 ἀστὴρ
447 1834 490 1902 δι’
523 1835 627 1902 αὑτοῦ
657 1845 755 1922 φανῇ.
801 1831 871 1901 εἶτα
898 1835 1019 1920 ὁμοίως
1041 1852 1186 1921 παραση·
1202 1855 1229 1894 1⁵

177 1943 363 2028 μηνάμενος
380 1944 441 2026 την
458 1952 589 2028 μοῖραν,
603 1939 679 2008 καθ’
697 1942 740 2026 ἣν
753 1943 790 2007 τὸ
805 1943 885 2007 αὐτὸ
900 1944 1188 2028 μοιρογνωμόνιον

177 2049 327 2134 ὑπάρχει,
347 2048 570 2133 ἐπιγνώσομαι
588 2049 625 2112 τὸ
644 2053 773 2131 πλῆθος
787 2059 854 2113 τῶν
867 2059 995 2134 μοιρῶν
1012 2049 1049 2113 τὸ
1068 2047 1187 2132 μεταξὺ

178 2166 245 2219 τῶν
273 2154 472 2240 ληφθέντων
498 2155 562 2220 ὑὺο
593 2157 750 2239 σημείων·
782 2152 837 2219 καὶ
868 2155 1028 2230 τοσαύτας
1061 2153 1187 2239 ἀποφα-

177 2270 300 2346 νοῦμαι
322 2264 401 2338 τοὺς
423 2261 561 2348 ἀστέρας
584 2259 718 2344 ἀπέχειν
741 2259 793 2325 ἀπ’
823 2260 975 2344 ἀλλήλων
997 2265 1123 2347 μοίρας.

245 2373 294 2451 λγ.
321 2365 412 2433 Ἐπεὶ
440 2363 502 2434 οὖν
529 2364 617 2444 τινὲς
644 2379 788 2453 χρῶνται
812 2376 857 2455 τῷ
879 2366 1071 2455 καλουμένῳ
1095 2367 1187 2433 ἀστε-
1202 2387 1228 2427 20

75 2489 114 2532 101
125 2490 162 2532 κί’
180 2477 282 2563 ρίσκφ
300 2475 383 2560 πρὸς
401 2474 515 2557 ὀλίγας
534 2472 539 2562 Ι
558 2479 727 2550 παντελῶς
745 2475 937 2559 ἀιοπτρικάς
954 2478 1075 2561 χρείας,
1094 2475 1188 2539 εὔλο-

178 2604 240 2664 γον
269 2580 442 2666 ἡγούμεθα
473 2582 513 2645 τά
544 2579 619 2666 περὶ
652 2579 755 2646 αὑτὸν
787 2583 1012 2665 συμβαίνοντα
1043 2589 1187 2665 μηνῦσαι

177 2697 247 2762 τοῖς
269 2683 485 2771 πειρωμένοις
508 2689 695 2774 χρησασθαι
717 2687 816 2775 αὐτῷ,
845 2687 932 2764 ὅπως
959 2688 1002 2771 μη
1021 2688 1109 2771 παρὰ
1127 2687 1188 2769 την

179 2795 320 2876 ἀγνοιαν
356 2792 599 2880 ἀμαρτάνοντες
636 2795 860 2860 λανθάνωσιν.
914 2795 993 2870 τοὺς
1028 2790 1089 2877 μὲν
1125 2787 1187 2859 οὖν

177 2899 397 2986 κεχρημένους
438 2895 528 2985 οίμαι
569 2900 830 2986 <πε>πειράσὺαι
873 2909 930 2984 τῆς
966 2901 1185 2986 δυσχρηστίας
1200 2917 1225 2958 25

178 3006 296 3089 αὑτοῦ,
320 3005 371 3072 ὅτι
397 3007 431 3071 αλ
454 3006 609 3092 σπάρται,
633 3005 665 3085 ἐξ
689 3001 737 3071 ὧν
759 3007 800 3071 τά
822 3005 908 3091 βάρη
931 3004 1123 3092 κρέμανται,
1146 3005 1187 3071 οὐ

177 3131 391 3142 σ----

250 3205 264 3253 1
289 3201 517 3270 μυρογνωμονίου
594 3205 611 3253 5
635 3201 783 3268 πλανητων
807 3197 834 3254 εί
854 3217 928 3260 τινες
1005 3204 1074 3252 5-6
1097 3197 1112 3252 ὁ
1136 3197 1187 3268 μὲν

178 3266 293 3340 ἀστέρος
361 3271 420 3326 11f.
439 3269 579 3339 ἀκινήτων
598 3269 782 3344 <μενόντων>
851 3274 955 3323 13-14
975 3269 1017 3340 [τὸ
1037 3268 1119 3339 μέρος
1137 3271 1187 3324 αὑ-

178 3341 239 3412 τῆς]
258 3341 348 3396 delevi
421 3347 524 3397 18-19
549 3344 764 3412 ἀποφαινουμαι
836 3345 939 3393 20-21
964 3341 1123 3408 ἀστερίσκος
1144 3343 1187 3394 est

178 3413 256 3468 stella
275 3413 503 3484 gromaticam,
527 3413 561 3467 de
580 3429 636 3482 qua
655 3411 728 3467 dixit
754 3411 913 3468 Rudorffius
933 3409 1155 3465 Gromatisohel
1177 3443 1186 3452 ·

80 3502 150 3520 ⁴
179 3482 345 3540 stitutionen
362 3503 389 3554 p.
405 3490 456 3538 337
529 3491 562 3538 22
581 3484 646 3554 περί
664 3486 768 3539 αότῶν;
788 3481 893 3537 correxi
965 3487 998 3535 25
1017 3485 1185 3551 πειρᾶσθαιε

201 3555 286 3610 *rrexi
358 3563 391 3612 26
411 3558 514 3611 αὑτῶνε
535 3554 643 3611 correxi
714 3553 795 3628 βέρηε
814 3569 882 3607 corr,
892 3552 929 3606 Vi
