2644 3870
191 179 230 243 17
234 179 254 244 6
353 180 502 233 ΗΡΩΝΟΣ
520 175 787 238 mmmm
804 177 991 230 mmmm
1008 179 1032 229 Γ
1295 7 1320 204 ι

185 338 222 407 δὲ
251 341 418 427 μειούρων
449 343 483 406 αἱ
514 340 690 427 διαιρέσεις
718 340 779 425 οὐχ
808 340 923 424 οὕτως,
953 331 1027 405 οἷον
1054 341 1200 426 πυραμί-
1318 321 1320 400 δ

66 464 105 505 101.
117 466 168 507 ιοεΙ
186 450 255 513 δωυ
276 448 279 530 Ι
300 446 355 513 καὶ
377 449 494 514 κώνων
521 446 576 513 καὶ
602 459 670 513 τῶν
696 446 870 512 τοιούτων·
902 444 955 512 διὸ
982 443 1059 532 περὶ
1086 445 1200 511 αὐτῶν

183 555 364 641 γράψομεν.

249 686 278 726 κ.
308 660 412 727 Ἔστω
440 663 503 748 γάρ
530 660 675 748 πυραμὶς
701 661 801 744 βάσιν
827 656 889 744 μέν
915 662 1036 744 ἔχουσα
1062 660 1199 742 οἱανδη-

184 777 310 834 ποτοῦν
336 769 398 852 τήν
419 771 563 833 ΑΒΓΔ
569 816 579 851 ,
606 767 760 853 κορυφήν
787 763 825 831 δέ
847 767 884 831 τὸ
908 770 940 830 Ε
960 775 1110 850 σημεῖον·
1140 763 1198 830 καὶ
1226 783 1240 824 ε

184 875 336 940 δεδόσθω
369 873 469 958 αὐτῇς
501 877 560 959 μία
586 875 713 959 πλενρδι
739 873 759 956 ή
788 877 858 937 AE
887 873 1042 957 μονάδων
1076 895 1105 936 ε.
1141 869 1198 936 καὶ

139 1041 141 1044 .
185 977 263 1045 δέον
285 983 366 1045 ἔστω
389 990 500 1065 τεμεῖν
521 979 627 1063 αὐτὴν
649 978 792 1068 ἐπιπέδῳ
815 980 1014 1066 παραλλήλῳ
1032 988 1072 1065 τῇ
1090 979 1198 1062 βάσει,

185 1087 267 1152 ὥστε
298 1088 358 1170 τήν
390 1075 659 1172 ἀποτεμνομένην
690 1087 773 1173 πρὸς
804 1095 843 1172 τῇ
871 1095 1002 1172 κορυφῇ
1025 1087 1197 1170 πυραμίδα

184 1201 244 1257 τοῦ
275 1192 554 1278 καταλειπομένου
586 1201 721 1278 στερεοῦ
753 1187 855 1276 εἶναι,
887 1193 917 1257 εἰ
943 1191 1052 1276 τύχοι,
1084 1214 1197 1278 τετρα-

183 1304 279 1382 πλῇν.
324 1298 494 1384 τεμνέσθω
521 1297 576 1364 καὶ
603 1302 735 1364 ποιείτω
767 1300 871 1383 τομήν
894 1300 931 1364 τὸ
957 1301 1107 1363 ΖΗΘΚ.
1153 1297 1195 1382 (ἡ
1211 1319 1239 1360 10

184 1406 248 1492 άρα
270 1407 360 1488 ΑΖ>
386 1407 514 1490 πλευρά
542 1404 611 1470 ε’στι
633 1413 694 1470 τοῦ
718 1408 857 1470 ΑΒΓΔ
882 1408 1025 1469 ΖΗΘΚ
1046 1413 1195 1490 στερεοῦ·

183 1510 203 1594 ἡ
232 1513 295 1597 άρα
318 1514 494 1576 ΑΒΓΔΕ
522 1510 668 1598 πυραμὶς
694 1511 778 1597 πρὸς
804 1512 866 1594 τήν
891 1514 1067 1576 ΖΘΗΚΕ
1090 1532 1189 1598 πυρα-

184 1618 263 1701 μίδα
286 1620 389 1700 λόγον
411 1620 487 1702 ἔχει,
511 1617 551 1683 ὃν
574 1620 613 1684 τδι
637 1642 653 1684 ε
675 1618 758 1704 πρὸς
781 1619 821 1682 τδι
844 1619 873 1682 δ.
915 1618 959 1694 ὡς
982 1613 1019 1682 δὲ
1038 1619 1072 1682 αἱ
1090 1639 1195 1704 πυρα-

183 1725 277 1808 μίδες
307 1725 390 1810 πρὸς
421 1724 580 1808 ἀλλήλας,
617 1724 722 1801 οὕτως
754 1725 786 1789 οἱ
818 1723 882 1788 άπὸ
919 1734 986 1788 τῶν
1022 1723 1195 1808 ὁμολόγων

182 1835 337 1917 πλευρῶν
363 1832 473 1915 κύβοι·
501 1831 519 1897 ὁ
547 1833 610 1917 άρα
638 1831 702 1896 άπὸ
730 1839 787 1913 τῇς
811 1834 880 1894 ΑΕ
903 1831 1004 1914 κύβος
1031 1831 1114 1917 πρὸς
1136 1833 1195 1897 τὸν
1211 1850 1239 1891 ιε

183 1935 247 2001 άπὸ
270 1945 327 2020 τῇς
345 1941 409 2002 ΕΖ
427 1938 533 2022 κύβον
551 1941 653 2020 λόγον
672 1940 749 2021 ἔχει,
773 1936 813 2002 ὃν
831 1938 871 2002 τδι
890 1961 905 2002 ε
923 1937 1007 2023 πρὸς
1025 1939 1064 2002 τά
1083 1939 1116 2002 δ·
1139 1935 1195 2002 καὶ
1269 1923 1275 1937 ’

183 2045 274 2108 ἔστιν
296 2042 358 2126 <ὁ>
385 2043 449 2109 άπὸ
476 2053 534 2127 τῇς
560 2048 629 2108 ΑΕ
654 2045 756 2128 κύβος
782 2044 940 2127 μονάδων
968 2063 1050 2130 ρκε·
1083 2043 1101 2109 ὁ
1129 2043 1195 2128 άρα

183 2148 247 2214 άπὸ
270 2159 328 2233 τῇς
347 2154 410 2213 ΕΖ
432 2151 535 2233 κύβος
557 2152 647 2215 ἔσται
670 2151 827 2234 μονάδων
851 2175 879 2236 ρ.
912 2150 1066 2233 δεήσει”
1046 2173 1110 2236 αρα
1128 2161 1195 2215 τῶν

182 2279 203 2340 ρ
226 2257 382 2340 μονάδων
408 2259 524 2340 λαβεῖν
549 2258 691 2341 κυβικήν
712 2257 900 2343 πλευράν(
884 2280 928 2332 ως
950 2259 1097 2340 ἔγγιστα·
1125 2258 1195 2321 ἔστι

184 2411 220 2480 δὲ
251 2416 408 2500 μονάδων
440 2417 460 2480 δ
491 2413 546 2480 καὶ
578 2357 614 2499 δ,
647 2417 691 2493 ὡς
723 2414 795 2501 ἑξῆς
823 2415 981 2500 δείξομεν.
1026 2418 1108 2482 ὥστε
1136 2415 1238 2481 έδινεο

182 2575 363 2661 άποληῳθῇ
386 2573 407 2658 ἡ
431 2578 494 2639 ΕΖ
527 2575 683 2660 μονάδων
715 2576 736 2639 δ
766 2574 821 2640 καὶ
851 2517 878 2642 δ
904 2574 959 2641 καὶ
986 2577 1042 2641 διδι
1073 2586 1134 2642 τοῦ
1166 2581 1195 2640 Ζ

183 2683 320 2765 σημείου
346 2679 496 2767 τμηθῇ
479 2706 499 2765 η
521 2679 666 2768 πυραμὶς
689 2680 831 2770 ἐπιπέδῳ
854 2684 1051 2770 παραλλήλῳ
1074 2692 1113 2769 τῇ
1136 2683 1194 2766 βά-

183 2805 251 2870 σει,
283 2789 373 2852 ἔσται
407 2788 443 2853 τὸ
470 2792 696 2875 προκείμενον.
746 2792 983 2873 συντεθήσεται
1011 2784 1048 2853 δὲ
1076 2788 1194 2865 οὕτως·

181 2894 322 2978 κύβισον
352 2895 393 2959 τδι
424 2914 452 2959 ε·
489 2899 637 2978 γίγνεται
673 2919 737 2981 ρκε.
787 2893 842 2960 καὶ
870 2893 940 2961 ἐπεὶ
967 2897 1066 2978 λόγος
1093 2892 1194 2978 ἐστὶν,

182 3000 219 3066 έν
247 2991 273 3089 ᾦ
300 3002 474 3087 διαιρεῖται
502 3000 522 3085 ἡ
549 3000 708 3087 πυραμὶς,
737 3001 776 3068 δν
804 3003 825 3066 δ
852 3003 935 3088 πρὸς
963 3026 998 3086 α,
1026 3003 1150 3078 σύνδες
1173 3003 1237 3066 δεῖ

182 3105 237 3172 καὶ
269 3108 318 3172 ἓν·
351 3111 498 3192 γίγνεται
526 3131 550 3172 ε.
576 3105 654 3190 Ικαὶ
685 3109 726 3173 τδι
755 3132 812 3194 ρκε
845 3107 898 3174 έπὶ
930 3110 989 3174 τδν
1016 3110 1051 3173 δ·
1087 3112 1194 3192 μίμνε-

182 3237 236 3280 ται
264 3239 298 3300 ῳ.
343 3216 512 3302 παράβαλε
538 3216 627 3300 παρά
650 3215 710 3280 τὸν
738 3234 766 3280 ε·
799 3219 946 3299 γίγνεται
975 3234 1007 3302 ρ·
1038 3213 1093 3280 καὶ
1120 3215 1194 3280 τού-

182 3377 396 3394 Μ

255 3484 269 3534 1
290 3479 426 3562 μειούρων
445 3475 477 3533 αἱ
494 3476 643 3548 διαιρέσεις
661 3478 764 3534 litteris
783 3491 873 3548 paene
893 3476 1018 3532 evanidis
1088 3483 1192 3534 10-11

185 3549 312 3622 supplevi
385 3557 418 3607 17
438 3549 496 3624 (ὁ)
517 3549 615 3604 addidi
