2654 3868
148 152 213 214 212
284 153 434 206 ΗΡΩΝΟΣ
452 149 720 213 ΔΛΕΞΑΝΔΡΕΩΣ
738 153 827 204 ΠΕΡΙ
845 153 1028 205 ΔΙΟΠΤΡΑΣ

148 317 255 400 ,Β,Γ.
274 311 329 378 καὶ
360 314 569 398 καταβάσεως
600 310 662 398 μέν
693 315 806 398 πήχεις
835 316 881 397 β,
908 313 1098 397 ἀναβάσεως
1126 311 1164 379 δὲ

147 423 254 503 πῆχυς
281 410 337 495 εἷς.
386 417 441 484 καλ
468 421 570 485 πάλιν
597 420 739 506 διόπτρα
766 416 827 504 μέν
853 419 874 503 ῆ
898 424 951 505 ,2,
982 419 1098 485 εὐθεῖα
1126 415 1165 484 δὲ

147 523 277 608 MR·
307 524 362 590 καὶ
389 527 598 610 καταβάσεως
625 522 687 610 μέν
713 528 829 610 πήχεις
851 537 950 613 τρείς,
973 525 1165 609 ἀναβάσεως

147 626 185 695 δὲ
220 640 326 715 πῆχυς
357 656 386 696 α.
441 631 459 697 6
492 629 530 697 δὲ
561 636 749 708 τελευταῖος
779 633 892 697 κανὼν
922 635 1047 698 κείσθω
1080 633 1164 716 πρὸς

147 735 229 823 αὐτῆ
253 747 292 824 τῆ
315 747 375 803 τοῦ
398 738 521 814 ὕδατος
544 737 729 824 ἐπιφανείᾳ.
1194 764 1209 804 5

218 847 292 908 Τῶν
315 838 377 908 οὖν
399 843 555 930 ἀριθμῶν
578 843 851 929 σεσημειωμένων
879 842 916 909 έν
943 855 1012 921 τοῖς
1036 843 1164 930 εἰρημέ-

143 972 216 1024 νοις
243 951 368 1033 στίχοις
396 953 578 1035 συντίθημι
604 951 731 1029 πάντας
762 953 841 1027 τοὺς
870 960 928 1035 τῆς
954 952 1164 1035 καταβάσεως

143 1053 323 1139 ἀριθμούς·
352 1054 416 1121 εἰσὶ
434 1053 473 1122 δὲ
491 1062 545 1139 λγ·
573 1056 695 1141 ὁμοίως
712 1055 768 1122 καὶ
786 1059 865 1133 τοὺς
883 1065 941 1140 τῆς
959 1057 1163 1141 ἀναβάσεως·

144 1158 208 1224 εἰσὶ
237 1157 274 1225 δὲ
300 1183 354 1244 κγ·
382 1163 466 1228 ὥστε
492 1163 639 1249 ὑπεροχὴ
667 1166 781 1248 πήχεις
809 1189 830 1228 ι.
876 1162 946 1229 ἐπεὶ
974 1159 1037 1229 οὖν
1064 1163 1082 1230 6
1106 1173 1163 1247 τῆς

49 1299 71 1334 υ.
87 1287 126 1328 τοι
143 1268 352 1350 καταβάσεως
384 1267 544 1353 ἀριθμός,
577 1267 749 1334 τουτέστιν
780 1268 798 1334 6
831 1266 884 1333 ἐπὶ
916 1271 956 1334 τά
988 1268 1070 1356 μέρη
1102 1279 1162 1335 τοῦ
1177 1295 1207 1334 ιο

143 1374 262 1457 τόπου,
290 1376 337 1449 είς
364 1373 404 1438 ὃν
422 1373 577 1459 θέλομεν
604 1377 699 1457 ἀμειν
724 1376 761 1440 τὸ
784 1375 892 1461 ὕδωρ,
920 1379 1040 1459 μειζων
1062 1374 1163 1459 ἐστὶν,

143 1481 419 1564 κατενεχθήσεται
455 1481 492 1546 τὸ
533 1481 654 1567 ὑγρόν·
693 1478 748 1546 καὶ
790 1483 880 1546 ἔσται
921 1484 1163 1568 μετεωρότερον

143 1593 204 1650 τοῦ
235 1585 318 1671 πρὸς
345 1594 391 1672 τῳ
419 1592 451 1650 Α
480 1589 595 1671 πήχεις
625 1585 711 1652 δέκα.
767 1589 796 1651 εἰ
824 1584 854 1650 δ’
887 1593 954 1653 ίσοι
984 1591 1163 1670 γεγόνασιν

144 1690 299 1777 ἀριθμοί,
331 1693 452 1776 ἰσοϋψῆ
483 1693 610 1780 ὑπῆρχε
639 1695 680 1758 τά
710 1697 803 1775 Α,Β
833 1704 960 1777 σημεῖα,
992 1692 1163 1758 τουτέστιν

145 1795 182 1860 ἐν
215 1795 265 1862 ένὶ
298 1795 442 1886 ἐπιπέδῳ
473 1801 673 1887 παραλλήλῳ
705 1807 751 1886 τῳ
784 1798 941 1885 ὁρίζοντι·
974 1797 1030 1864 καί
1058 1799 1163 1875 οὕτως
1177 1825 1204 1866 15

145 1899 182 1967 δὲ
210 1904 357 1968 δυνατὸν
383 1904 587 1988 κατάγεσθαι
615 1907 652 1971 τὸ
679 1905 781 1991 ὕδωρ.
831 1907 860 1969 εἰ
888 1903 918 1969 δ’
950 1904 1095 1970 ἐλάττων
1121 1900 1164 1986 ήν

145 2009 171 2074 δ’
187 2019 244 2093 τῆς
270 2011 480 2094 καταβάσεως
508 2011 662 2097 ἀριθμός,
690 2011 859 2076 ἀδύνατον
888 2011 1103 2096 αὐτοματίσαι
1125 2011 1162 2075 τὸ

145 2115 251 2199 ὕδωρ·
284 2115 489 2201 ἀντλήματος
518 2119 582 2202 ἀρα
609 2119 851 2203 προσδεόμεθα.
896 2116 916 2200 ῆ
946 2115 976 2181 δ’
1007 2119 1164 2202 ἀντλησις

146 2223 287 2304 γίνεται,
320 2223 349 2285 εί
376 2219 438 2306 μὲν
464 2225 552 2289 πολὺ
584 2226 816 2309 ταπεινότερος
845 2218 888 2307 ἦν
916 2223 933 2288 6
961 2225 1076 2308 τόπος,
1107 2224 1163 2287 διά

145 2328 349 2404 πολυκαδίας
375 2327 396 2412 ἢ
419 2337 476 2411 τῆς
504 2327 710 2413 καλουμένης
737 2328 906 2405 ἁλύσεως·
928 2327 1009 2395 είδ’
1037 2329 1162 2413 ὀλίγον,
1177 2354 1203 2394 εο

146 2435 219 2516 ἤτοι
243 2434 299 2498 διά
322 2439 465 2518 κοχλιῶν
488 2433 508 2518 ή
532 2436 588 2500 διά
615 2446 683 2499 τῶν
711 2437 932 2522 παραλλήλων
961 2439 1163 2519 τυμπανίων.

147 2537 203 2604 καὶ
225 2541 304 2616 τοὺς
321 2539 442 2624 μέσους
466 2537 503 2605 δὲ
521 2544 652 2625 τόπους,
676 2539 718 2605 δι’
739 2536 787 2606 ὧν
807 2541 812 2626 Ι
833 2540 1051 2627 ἀπεκρίναμεν
1069 2543 1164 2624 άμειν

145 2647 183 2711 τὸ
202 2644 305 2731 ὕδωρ,
325 2645 582 2731 ἐπισκεψόμεθα,
601 2658 670 2722 πῶς
688 2648 771 2731 πρὸς
789 2646 954 2731 ἀλλήλους
967 2671 1002 2713 τε
1016 2645 1071 2712 καὶ
1085 2649 1164 2725 τοὺς

146 2750 178 2830 ἐξ
202 2751 304 2836 ἀρχῆς
326 2755 450 2830 τόπους
472 2755 586 2837 έχουσι
615 2754 672 2818 διά
694 2761 752 2836 τῆς
775 2753 876 2837 αὐτῆς
898 2755 1059 2838 μεθόδου,
1082 2754 1163 2820 ὑπο-

146 2860 304 2941 λαβόντες
322 2858 400 2934 τοὺς
419 2857 614 2943 εἰρημένους
632 2856 754 2943 μέσους
774 2861 897 2936 τόπους
920 2855 1005 2925 εἶναι
1028 2863 1107 2936 τοὺς
1130 2858 1162 2938 ἐξ
1177 2883 1202 2923 ετ

146 2963 248 3050 ἀρχῆς
276 2962 452 3040 δοθέντας·
484 2962 554 3029 κατ’
583 2960 685 3031 οὐδέν
712 2967 776 3050 γάρ
800 2951 928 3031 διοίσει.
974 2967 1026 3031 δεῖ
1048 2961 1086 3030 δέ
1108 2962 1163 3031 καὶ

146 3069 404 3154 έκλογισάμενον
444 3080 512 3136 πᾶν
550 3071 587 3136 τὸ
625 3079 727 3155 μῆκος
764 3070 1006 3150 ε’πίσκέψασθαι
1044 3071 1080 3137 ἐν
1117 3080 1163 3158 τῷ

147 3178 286 3264 σταδίῳ,
313 3179 421 3242 πόσον
445 3180 545 3261 κλίμα
568 3179 741 3260 γενήσεται
764 3187 825 3243 τοῦ
847 3178 972 3254 παντὸς
994 3182 1164 3262 κλίματος·

146 3280 202 3346 καὶ
232 3281 347 3358 οὕτως·
365 3283 412 3358 είς
441 3285 520 3360 τοὺς
546 3282 668 3367 μέσους
695 3285 818 3359 τόπους
845 3293 963 3367 σημεῖα
985 3282 1039 3348 καὶ
1063 3284 1165 3370 ὅρους

218 3421 271 3504 3η
288 3437 328 3494 ,ες
343 3419 421 3491 (sic):-
437 3420 544 3476 correxi
612 3426 716 3476 10-11
736 3431 785 3476 τοῦ
802 3418 897 3476 πόθου
912 3416 944 3479 έν
958 3415 999 3494 ἀι
1011 3430 1061 3477 τοῦ
1075 3421 1164 3508 τίετο-ὐ

147 3506 187 3571 είς
206 3507 238 3564 δν
257 3509 295 3564 Vi
360 3515 392 3562 11
412 3507 540 3580 θέλωμεν
603 3514 697 3580 μειζον
743 3514 796 3571 ,14
814 3519 918 3580 ϊσουψη
938 3508 1000 3581 (sio)
1063 3511 1094 3565 τὸ
1114 3517 1163 3566 ΑΒ
