2642 3872
166 250 232 314 314
300 250 450 304 ΗΡΩΝΟΣ
468 245 735 308 mammas
753 251 840 304 ΠΕΡΙ
857 251 1041 303 ΔΙΟΠΤΡΑΣ

164 408 314 497 συμφυὲς
332 408 369 477 δέ
387 413 470 477 ἔστω
488 410 578 499 αὐτῷ
596 413 633 477 τὸ
652 416 697 496 H,
716 411 865 478 ὀδόντων
883 436 926 496 ιη.
961 417 1181 498 παρακείσθω

57 535 147 577 ωιτν
165 515 203 584 δὲ
225 519 263 606 τό
287 521 315 582 Θ
337 517 487 583 ὀδόντων
505 521 557 601 οβ.
578 518 583 602 J
604 518 725 602 ὁμοίως
747 515 785 583 δέ
808 514 958 603 συμφυὲς
980 521 1062 584 ἔστω
1085 519 1181 608 αὐτῷ

163 625 200 690 Ιτὸ
224 627 262 689 Κ*
279 625 427 690 ὀδόντων
451 649 493 708 ιη.
539 623 660 709 ὁμοίως
683 621 720 690 δέ
743 625 780 690 τὸ
805 628 836 688 Λ
859 625 1008 690 ὀδόντων
1032 647 1064 713 ρ·
1091 627 1180 712 πρὸς

164 723 329 820 ᾦέτερον
351 730 473 816 ὁμοίως
495 731 644 797 ὀδόντων
671 737 705 815 λ,
736 729 791 816 ἀφ’
824 727 865 796 οὗ
888 735 1181 818 μοιρομνωμόνιον

163 842 245 904 ἔστω
261 838 327 923 [τὸ]
343 839 470 922 δηλοῦν
479 839 516 903 τὸ
526 842 656 922 πλῆθος
665 849 733 903 τῶν
742 839 894 904 σταδίων.
921 840 1178 904 κατεσκευάσθω
1212 860 1225 899 ε

164 941 201 1011 δδ
228 945 345 1030 τροχὸς
371 945 537 1030 πτερωτὸς
564 944 582 1010 ό
611 948 664 1027 M,
690 945 752 1028 τὴν
777 949 974 1031 περίμετρον
1002 948 1088 1030 ἔχων
1113 946 1179 1028 τὴν

163 1050 228 1116 ὑπὸ
243 1060 311 1116 τῶν
323 1062 453 1136 πτερῶν
466 1051 495 1133 <.
505 1100 513 1115 .
523 1052 552 1134 .>
562 1051 752 1134 πίσ<σ>ων,
765 1049 1030 1136 τετορνευμένος,
1046 1053 1179 1136 ἰσοχρό-

163 1179 235 1233 νιος
254 1158 301 1222 διν
319 1165 358 1243 τῇ
377 1159 440 1240 νηΐ.
472 1157 501 1240 <
512 1209 518 1222 .
530 1157 558 1240 .>
578 1158 641 1221 σὺν
659 1157 745 1244 τῷδε
763 1155 818 1221 καὶ
836 1166 896 1222 τοῦ
915 1157 1178 1244 αὐτοῦζέκφνρο-

163 1261 266 1348 με’νω,
303 1261 396 1342 ὀίξονι
432 1263 538 1352 τούτῳ
573 1271 620 1352 τῷ
655 1270 763 1351 τροχῷ
799 1265 1038 1349 προσειλήφθω
1077 1264 1177 1330 ὀδοῦ·

164 1368 223 1435 ἐᾶν
258 1371 444 1454 δυνάμενος
480 1369 516 1434 ἐν
551 1377 612 1456 μιᾷ
647 1367 909 1453 ὀποκαταστάσει
944 1379 1004 1436 τοῦ
1038 1374 1083 1436 Μ
1115 1369 1177 1435 ἕνα
1193 1392 1222 1431 ιο

164 1475 286 1542 ὀδόντα
316 1484 377 1541 τοῦ
407 1481 441 1542 Δ
461 1458 608 1541 πίπτειν.
659 1477 763 1560 δῆλον
793 1471 855 1541 οὖν
883 1476 934 1542 ότι
960 1486 1018 1560 τῆς
1045 1477 1128 1554 νεὼς
1155 1502 1176 1562 ρ

163 1585 256 1666 μίλια
273 1586 495 1667 πορευθείσης
515 1582 553 1647 τδ
573 1586 604 1646 Λ
621 1583 794 1666 τύμπανον
812 1585 892 1668 μίαν
910 1581 1177 1648 ἀποκατάστασιν

163 1687 240 1767 ἔξει·
263 1690 347 1755 ὥστε
370 1688 428 1754 ἐὰν
450 1685 512 1773 μὲν
535 1712 573 1753 εν
595 1713 644 1765 τις
661 1689 782 1765 κύκλος
800 1686 876 1773 περὶ
894 1689 932 1753 τὸ
950 1687 1090 1774 κέντρον
1114 1698 1176 1755 τοῦ

164 1798 195 1860 Λ
218 1797 374 1882 διαιρεθῇ
398 1798 445 1872 εἰς
468 1796 559 1881 ρ,τό
582 1797 871 1881 μοιροννωμόνιον
893 1795 931 1860 τό
955 1791 1105 1880 συμφυὲς
1127 1803 1176 1883 τῷ

164 1905 205 1986 Λ,
228 1905 415 1988 φερόμενον
438 1900 492 1967 ε’πὶ
514 1910 574 1968 τοῦ
598 1900 775 1987 εἰρημένον
803 1902 943 1984 κύκλον,
971 1902 1112 1985 δηλώσει
1135 1903 1173 1968 τὸ
1190 1923 1219 1963 15

162 2005 241 2074 καθ’
267 2006 405 2074 ἕκαστον
427 2012 548 2092 κίνημα
570 2017 628 2092 της
650 2010 818 2092 κινήσεως.

168 2245 172 2254 ,
236 2200 334 2254 Ιαότδ
380 2201 475 2255 θαότο
521 2206 591 2254 3-4
606 2201 729 2254 οδοντων
743 2201 840 2269 ζπρος
854 2220 876 2254 ω
921 2201 1175 2255 ὅκατασαενάσθω

199 2275 215 2323 6
233 2272 299 2339 post
316 2288 424 2340 πτερων
444 2269 567 2341 spatium
583 2279 598 2326 3
613 2270 771 2326 litterarum
822 2276 838 2324 8
857 2287 946 2326 σοντω
960 2273 992 2326 δε
1040 2276 1110 2326 8-9
1130 2291 1175 2328 εκ·

164 2360 313 2410 φνρομενω
327 2341 566 2408 ἀξωνιτοότωτω
580 2356 668 2412 τροχω
723 2340 838 2396 θοδαί.
854 2357 877 2396 ο.
893 2341 979 2397 δδοῦῗ
1033 2342 1104 2398 haec
1117 2360 1176 2397 non

164 2411 298 2466 extn'oavi
379 2418 412 2466 10
436 2414 592 2482 δνναμενος
669 2417 701 2466 11
727 2415 829 2467 οδοντα
847 2418 939 2468 τοῦΛ
1018 2419 1050 2468 13
1074 2413 1124 2484 μὲν
1144 2433 1175 2469 εν

162 2502 205 2545 τις
222 2485 334 2545 mulos:
352 2486 545 2553 exupectamus
573 2483 691 2553 γραφεὶς
777 2489 880 2537 14-16
903 2492 952 2538 τοῦ
977 2489 1013 2539 A:
1037 2501 1105 2539 corr.
1138 2485 1175 2539 Vi

201 2559 233 2608 16
253 2554 431 2608 scribendum
448 2562 498 2624 τῆς
515 2555 596 2622 τείως
618 2555 653 2609 δε
671 2555 724 2610 hoo
742 2569 844 2625 genere
863 2555 1084 2625 corruptelarum
1102 2555 1174 2626 disp.
1213 2571 1215 2574 ·

162 2624 369 2679 Brinkmannus
389 2626 460 2681 Mus.
479 2625 567 2682 Rhen.
588 2626 648 2679 LVI
663 2631 705 2680 72.
