2654 3868
151 181 217 248 276
287 183 436 237 ΗΡΩΝΟΣ
455 179 724 241 ΑΛΕΞΑΝΔΡΕΩΣ
742 183 829 235 ΠΕΡΙ
847 183 1032 236 ΔῙΟΠΤΡΑΣ

152 349 233 411 ΚΛ·
257 336 340 429 οἷον,
363 346 393 410 εἰ
416 344 524 429 τύχοι,
552 345 582 410 εἰ
610 347 836 410 πενταπλασία
858 342 950 410 ἐστὶν
972 345 992 429 ή
1018 349 1087 410 ΖΗ
1107 353 1166 428 τῆς

153 455 234 535 ΗΚ,
257 453 349 516 ἐσται
372 452 410 517 τὸ
436 454 539 516 ΖΗΘ
565 454 731 537 τρίγωνον
757 453 1166 517 πεντεκαιεικοσαπλοίσιον

152 567 212 624 τοῦ
236 561 345 623 ΗΚΛ
368 559 542 643 τριγώνου.
586 558 732 622 δυνατὸν
754 553 791 622 δέ
813 567 972 644 μετρῆσαι
993 559 1031 623 τὸ
1055 561 1164 623 ΗΚΛ

151 661 331 756 τρίγωνον,
362 663 538 751 ἐπειδήπερ
564 665 627 748 ἔχω
655 664 713 741 τὰς
743 666 888 750 πλευρὰς
919 665 1036 730 αὐτοῦ·
1063 673 1162 730 τοῦτο

151 771 214 856 γὰρ
243 769 316 855 ἑξής
344 767 507 855 δείξομεν·
535 770 681 836 δυνατὸν
708 766 771 836 οὖν
799 769 854 836 καὶ
881 781 941 837 τοῦ
967 775 1070 836 ΖΗΘ
1093 794 1163 858 τρι-
1195 791 1210 831 ε

152 877 274 962 γώνου
297 877 334 942 τὸ
367 875 513 961 ἐμβαδὸν
544 884 757 962 πορισθῆναι.
811 877 869 943 ἐὸν
901 873 964 944 οὖν
995 880 1167 961 νοήσωμεν

152 983 399 1068 ἐπιζευχθείσας
434 985 492 1060 τὸς
530 987 607 1067 ΘΖ,
647 988 725 1068 ΘΕ,
764 988 846 1068 ΘΔ,
886 987 963 1069 ΘΓ,
1002 988 1079 1068 ΘΒ,
1111 981 1167 1049 καὶ

151 1091 301 1178 εὕρωμεν
334 1077 473 1156 ειιεωυ
505 1101 572 1155 τοι
605 1094 717 1174 ουτ,
752 1095 867 1175 οΕΛ,
907 1093 1019 1177 ear,
1054 1093 1166 1173 οΓΒ,

155 1202 256 1262 ΘΒΑ
291 1197 465 1284 τριγώνων
500 1197 537 1262 τὸ
574 1195 733 1281 ἐμβαδὸν,
770 1200 860 1263 ἐστιν
896 1196 951 1264 καὶ
989 1197 1070 1262 ὅλου
1106 1205 1167 1261 τοῦ

151 1308 277 1390 χωρίου
308 1303 366 1387 <τὸ
399 1302 565 1388 ἐμβαδὸν>
596 1301 869 1391 πεπορισμένον.’
902 1302 1113 1388 ἐκβεβλήσθω
1143 1302 1209 1386 ήιο

152 1413 221 1474 ΗΖ
250 1407 303 1474 ἐπὶ
331 1410 369 1475 τὸ
400 1413 448 1493 Μ,
471 1407 526 1474 καὶ
553 1412 678 1474 κείσθω
705 1419 744 1496 τῇ
773 1414 846 1475 ΗΚ
871 1417 926 1494 ἴση
953 1410 974 1494 ή
1005 1414 1088 1475 ΖΜ·
1111 1407 1166 1474 καὶ

153 1503 207 1582 ἐπὶ
230 1524 288 1600 τής
309 1520 386 1581 ΖΜ
403 1519 539 1606 σχοινίιμ
557 1518 795 1582 κεκλοίσθωσαν
814 1517 849 1582 αλ
869 1520 951 1600 ΖΝ,
974 1520 1062 1600 ΝΜ,
1086 1513 1161 1581 ὥστ’

153 1629 230 1708 ίσην
253 1618 423 1707 εἶναιτὴν
446 1619 507 1708 μέν
528 1626 599 1687 ΖΝ
616 1633 655 1709 τῇ
675 1626 753 1707 ΚΛ,
776 1625 836 1709 τήν
859 1620 897 1688 δέ
921 1627 1005 1690 ΝΜ
1023 1633 1062 1710 τῇ
1083 1626 1165 1688 ΗΛ·

153 1734 244 1798 ἔσται
271 1732 313 1815 δή
340 1729 381 1814 <ή
407 1734 483 1797 ΖΜ
500 1740 538 1817 τῇ
563 1732 652 1815 ΗΖ>
674 1729 729 1796 καὶ
751 1730 772 1815 ή
795 1734 864 1795 ΝΖ
886 1740 925 1817 τῇ
951 1734 1014 1795 ΖΘ
1037 1727 1085 1794 ἐπ’
1113 1729 1166 1794 εώ-

152 1841 259 1914 θείας.
303 1835 515 1922 ἐκβεβλήσθω
546 1839 587 1922 δή
614 1835 669 1902 καὶ
696 1837 716 1922 ἡ
742 1842 806 1902 ΕΖ
830 1836 883 1903 ἐπὶ
905 1839 943 1902 τὸ
967 1836 1007 1911 Ξ·
1030 1835 1085 1902 καὶ
1109 1845 1166 1920 τής
1182 1857 1206 1898 ιε

153 1940 215 2030 μὲν
233 1948 297 2008 ΕΖ
319 1943 418 2030 μέρος
440 1946 522 2009 ἔστω
545 1944 565 2028 ή
592 1943 666 2028 ΖΞ,
689 1953 748 2028 τής
770 1941 807 2010 δέ
832 1948 894 2009 ΘΖ
912 1944 949 2009 τὸ
969 1943 1049 2008 αὐτὸ
1068 1942 1167 2031 μέρος

153 2049 174 2134 ή
200 2054 275 2115 ΖΟ·
302 2049 357 2116 καὶ
381 2050 565 2135 ἐπεζεύχθω
588 2050 609 2135 ή
632 2049 708 2124 ΞΟ·
736 2053 826 2117 ἔσται
853 2051 894 2135 δή
922 2048 977 2116 καὶ
999 2050 1020 2134 ἡ
1044 2049 1107 2124 ΞΟ
1129 2050 1165 2115 τὸ

154 2155 235 2222 αὐτὸ
263 2155 363 2243 μέρος
389 2167 447 2241 τῆς
475 2161 540 2222 ΘΕ
564 2154 619 2222 καὶ
646 2158 856 2244 παράλληλος
879 2155 970 2243 αὐτή.
1015 2154 1070 2222 καὶ
1098 2149 1167 2222 ἔστι

155 2261 200 2340 ώς
226 2263 264 2327 τὸ
292 2262 356 2328 ἀπὸ
379 2268 442 2329 ΕΖ
470 2265 553 2348 πρὸς
580 2263 616 2328 τὸ
645 2263 709 2329 ἀπὸ
736 2263 799 2335 ΖΞ
819 2266 855 2330 τὸ
879 2268 980 2329 ΕΘΖ
1002 2267 1167 2349 τρίγωνον

154 2369 238 2451 πρὸς
260 2369 298 2433 τὸ
323 2368 420 2442 &zo
442 2373 619 2456 τ’ρίγοονον·
643 2371 819 2455 δυνώμεθα
842 2366 879 2436 δέ
901 2374 1106 2458 πορίσασθαι
1128 2371 1165 2436 τὸ
1181 2391 1207 2431 eo

156 2474 262 2559 ΞΖΟ,
282 2474 456 2559 ἐπειδήπερ
479 2473 618 2559 ἑκάστην
636 2486 704 2542 τῶν
726 2481 881 2564 πλευρῶν
898 2476 1002 2542 αὐτοῦ
1021 2479 1166 2543 δυνατόν
1220 2507 1224 2516 ·

156 2580 247 2647 ἐστιν
272 2590 443 2666 μετρῆσαι·
470 2583 553 2647 ὥστε
579 2581 694 2648 καὶτὸ
718 2586 817 2647 ΕΘΖ
842 2586 1007 2668 τρίγωνον
1029 2587 1166 2667 πορίσα-

157 2695 237 2782 σθαι
260 2689 406 2754 δυνατόν
429 2687 527 2753 ἐστιν.
569 2689 689 2774 ὁμοίως
712 2689 754 2773 δή
777 2688 832 2756 καὶ
856 2688 994 2755 ἑκάστου
1013 2702 1080 2755 τῶν
1098 2695 1166 2756 λοι-

155 2806 229 2861 πων
250 2796 424 2882 τριγώνων
446 2795 482 2859 τὸ
507 2794 651 2880 ἐμβαδὸν
673 2796 896 2884 ποριούμεθα·
923 2798 1006 2863 ὥστε
1028 2795 1083 2861 καὶ
1106 2805 1166 2862 τοῦ

157 2902 238 2967 ὅλου
269 2905 393 2986 χωρίου
425 2903 571 2968 δυνατόν
599 2902 689 2968 ἐστιν
716 2904 753 2968 τὸ
782 2902 927 2987 ἐμβαδὸν
953 2907 1166 2988 πορίσασθαι.
1181 2923 1206 2963 2⁶

62 3036 85 3074 ο.
99 3026 138 3067 ²⁸2
223 3033 273 3093 κη.
310 3010 356 3074 Τδι
383 3005 421 3074 δέ
446 3008 672 3095 ὑπερτεθέντα
701 3019 766 3075 νῦν
789 3008 947 3094 δείξομεν.
993 3013 1167 3097 τραπεζίου

158 3114 318 3192 δοθέντος
350 3125 409 3181 τοῦ
442 3117 594 3199 ΑΒΓΔ,
625 3117 839 3202 παράλληλον
871 3119 1003 3201 ἔχοντος
1030 3127 1069 3203 τή
1096 3122 1167 3181 ΑΔ

158 3223 219 3307 τήν
242 3225 319 3306 ΒΓ,
346 3220 402 3288 καὶ
429 3224 477 3288 ἐτι
500 3219 657 3307 ἑκατέραν
684 3222 795 3288 αὐτῶν
821 3221 876 3288 καὶ
905 3224 967 3307 τήν
995 3219 1084 3308 [μὲν]
1114 3221 1164 3289 ἐπ’

230 3381 404 3487 8εὸρομενῐ
453 3415 502 3472 τὸν
522 3417 606 3472 ΘΕΖ
678 3421 711 3470 10
730 3414 856 3486 supplevi
929 3420 962 3470 12
981 3413 1015 3470 αἱ
1032 3417 1089 3469 ΖΗ
1101 3415 1172 3471 ΝΜ

195 3492 228 3542 13
248 3486 376 3558 supplevi
440 3492 472 3541 15
492 3482 539 3543 ἐπὶ
556 3487 587 3542 τὸ
607 3487 640 3554 Ξ,
660 3487 708 3542 sed
727 3488 754 3541 Ξ
771 3503 805 3540 ex
825 3491 846 3540 Z
864 3485 916 3541 feo.
934 3492 1001 3541 m.1
1066 3491 1099 3539 18
1114 3487 1167 3541 ’καὶ
1223 3499 1225 3504 ·

160 3555 212 3614 ἐτιε
232 3559 337 3614 correxi
358 3559 427 3628 πρὸς
445 3567 482 3613 τώ
555 3564 588 3612 19
607 3578 730 3629 τριγωνω
803 3563 836 3611 28
857 3555 931 3629 [μὲν]
951 3555 1043 3612 delevi
