2654 3868
320 1042 577 1126 ΗΡΩΝΟΣ
605 1041 1053 1130 ΑΛΕΞΑΝΔΡΕΩΣ

451 1203 597 1286 ΠΕΡΙ
626 1203 923 1287 ΔΙΟΠΤΡΑΣ

94 1411 145 1452 ood-
158 1411 229 1454 Parin·
329 1421 358 1461 α.
378 1400 442 1480 Τῆς
457 1398 648 1484 διοπτρικης
659 1400 881 1484 πραγματείας
895 1400 1019 1475 πολλοῖς
1028 1396 1084 1464 καὶ
1092 1398 1195 1482 άναγ-

74 1475 247 1586 mpffifffl
262 1505 356 1579 καίας
380 1501 604 1589 παρεχομένης
626 1506 737 1589 χρείας
758 1501 813 1568 καὶ
835 1510 970 1570 πολλῶν
992 1503 1068 1592 περὶ
1091 1505 1193 1592 αὐτῆς

89 1629 140 1667 1³²ss-
155 1619 195 1658 174
204 1616 235 1658 Vi
262 1612 443 1693 λελεχότοιν
456 1608 638 1691 ἀναγκαῖον
652 1604 738 1674 εἶναι
751 1613 872 1694 νομίζω
882 1611 922 1676 τά
931 1634 966 1676 τε
975 1611 1040 1676 ὑπὸ
1050 1623 1118 1678 τῶν
1126 1614 1192 1699 πρὸ
1220 1631 1236 1671 5
1317 1636 1323 1650 ·

181 1715 261 1800 ἐμοῦ
284 1714 556 1801 παραλειφθέντα
578 1714 643 1799 καὶ,
666 1716 711 1793 ὡς
733 1720 936 1803 προείρηται,
960 1721 1075 1804 χρείαν
1092 1717 1192 1806 παρέ-

142 1867 147 1878 ·
179 1847 280 1908 χοντα
307 1831 437 1909 γραφῆς
464 1822 615 1907 ἀξιῶσαι,
642 1824 683 1888 τά
710 1819 748 1888 δέ
775 1825 943 1911 δυσχερῶς
966 1823 1122 1911 εἰρημένα
1145 1828 1192 1904 είς

180 1929 350 2017 εὐχέρειαν
386 1939 597 2014 μεταγαγεῖν,
633 1931 673 1994 τὰ
711 1926 748 1994 δὲ
784 1931 916 2009 ψευδῶς
952 1931 1108 2017 εἰρημένα
1144 1935 1193 2011 είς

179 2038 365 2122 διόρθωσιν
386 2035 535 2122 προάξαι.
578 2035 639 2120 οὐχ
666 2035 810 2121 ἡγοῦμαι
840 2033 876 2102 δέ
900 2036 1083 2120 αναγκαῖον
1105 2034 1191 2105 εἶναι

179 2144 219 2208 τά
245 2167 281 2208 τε
308 2141 543 2229 ἡμαρτημένως
570 2141 625 2208 καὶ
649 2143 816 2228 δυσχερῶς
845 2141 1056 2230 ε’κτεθειμένα
1088 2145 1108 2230 ἢ
1135 2144 1191 2212 καὶ
1205 2165 1233 2204 1⁰

179 2247 426 2336 διημαρτημένα
461 2249 527 2315 ὑπὸ
564 2260 631 2314 τῶν
667 2250 731 2335 πρὸ
768 2249 862 2334 ἡμῶν
903 2261 968 2316 νῦν
1007 2252 1054 2328 είς
1090 2250 1192 2339 μέσον

179 2354 307 2442 φέρειν·
341 2354 465 2434 ἐξέσται
498 2357 560 2439 γάρ
588 2365 659 2431 τοῖς
685 2354 902 2440 βουλομένοις
930 2356 1192 2442 ἐντυγχάνουσιν
1321 2349 1323 2356 ’

178 2465 307 2548 κρίνειν
338 2463 400 2552 την
431 2461 608 2548 διαφοράν.
660 2463 709 2526 ἔτι
739 2458 776 2526 δὲ
805 2460 860 2527 καὶ
891 2462 964 2528 ὅσοι
994 2463 1192 2552 ἀναγραφὴν

178 2572 373 2653 πεποίηνται
400 2565 477 2654 περὶ
503 2576 561 2651 τῆς
587 2571 823 2653 πραγματείας,
851 2569 892 2634 οὐ
917 2569 1002 2656 [διὰ]
1026 2579 1087 2658 μιᾷ
1108 2571 1129 2656 ἣ
1152 2581 1191 2658 τῇ
1236 2551 1240 2560 ¹
1312 2629 1314 2634 .

179 2675 262 2761 αὐτῇ
291 2676 431 2761 διόπτρᾳ
458 2672 633 2760 κέχρηνται
658 2675 741 2760 πρὸς
762 2675 824 2760 την
847 2674 1031 2762 ἐνέργειαν,
1054 2683 1193 2756 πολλαῖς
1206 2697 1232 2738 15
1320 2697 1323 2712 ¹

180 2778 218 2847 δέ
239 2780 295 2847 καὶ
318 2781 505 2867 διαφόροις,
527 2779 582 2846 καὶ
601 2781 715 2864 ὀλίγας
734 2779 777 2845 δι’
802 2782 912 2848 αὐτῶν
929 2783 1106 2870 προτάσεις
1124 2785 1192 2851 ἐπι-

179 2887 378 2964 τελέσαντες.
413 2888 507 2972 ημεῖς
525 2884 587 2972 μέν
605 2883 668 2953 οὖν
686 2887 741 2954 καὶ
759 2898 858 2955 τοῦτο
878 2889 958 2955 αὐτὸ
977 2895 1192 2976 πεφιλοτιμη-

179 3002 278 3080 μεθα,
301 2997 384 3060 ὥστε
408 2996 464 3060 διὰ
486 3004 544 3079 τῆς
567 2993 668 3079 αὐτῆς
691 2997 748 3070 τοῖς
770 2995 988 3082 προκειμένας
1010 2997 1090 3082 ημῖν
1112 3021 1192 3087 προ-

179 3103 289 3179 τάσεις
317 3101 535 3188 ἐνεργεῖσθαι.
585 3100 625 3166 οὐ
653 3102 719 3186 μὴν
746 3100 830 3167 ἀλλὰ
856 3100 912 3168 καὶ
939 3102 982 3168 δν
1010 3102 1120 3190 ἑτέρας
1142 3129 1193 3182 τις

180 3207 350 3296 ἐπινοήσῃ,
373 3208 434 3274 οὐκ
457 3208 630 3295 άμοιρήσει
652 3208 673 3291 ἡ
696 3216 1002 3275 κατασκευασθεῖσα
1018 3209 1075 3295 ὑφ’
1099 3210 1233 3295 ημῶνεο

180 3317 330 3402 διόπτρα,
354 3313 514 3381 ὥστεκαὶ
537 3315 658 3392 ταύτας
681 3313 837 3400 ἐνεργεῖν.

252 3497 320 3546 1-2
335 3490 424 3546 Tituli
433 3489 507 3558 *folio
520 3491 628 3545 resecto
644 3489 761 3559 exiguae
777 3492 927 3560 supersunt
939 3489 1088 3560 reliquiae:
1101 3487 1192 3561 Ἥρω-

62 3594 132 3616 ...
179 3583 228 3628 νος
249 3563 315 3634 περὶ
338 3563 471 3633 διόπτρας
547 3568 563 3616 ῖ
586 3559 749 3631 λελεχότωνε
773 3561 807 3616 cf.
828 3560 951 3616 Galenus
969 3561 1033 3617 XVI
1051 3567 1112 3632 249,
1126 3568 1144 3617 4
1158 3561 1190 3618 Κ.
