2654 3868
152 163 218 227 216
290 163 441 217 ΗΡΩΝΟΣ
459 160 727 220 ΑΔΕΞΑΝΔΡΕΩΣ
746 165 834 216 ΠΕΡΙ
852 165 1036 216 ΔΙΟΠΤΡΔΣ

154 326 295 410 ἃιόπτροι
313 325 397 410 πρὸς
415 333 461 412 τῷ
480 329 517 408 Ε,
539 322 593 389 καὶ
612 325 696 410 πρὸς
714 323 859 409 ὀρθάςὴ
880 328 955 388 ΕΖ·
974 322 1029 389 καὶ
1049 323 1175 408 ὁμοίως

153 432 257 516 τυχὸν
284 432 436 515 εἰλήφθω
459 432 497 495 τὸ
523 434 558 494 Ζ.
599 429 654 496 καὶ
677 440 717 516 τῇ
739 434 803 494 ΖΕ
823 431 908 515 πρὸς
931 430 1077 515 ὀρῶὰςὴ
1099 434 1173 514 ΖΗ,

147 534 208 601 ’καὶ
231 536 335 620 τυχὸν
357 536 394 600 τὸ
418 539 465 599 Η·
494 534 549 600 καὶ
577 546 616 622 τῇ
642 539 710 600 ΖΗ
732 539 815 620 πρὸς
843 535 950 622 ὀρθάς
972 535 992 619 ἡ
1017 540 1093 620 ΗΘ,
1115 534 1171 601 καὶ

153 643 256 727 τυχὸν
278 643 315 706 τὸ
337 645 379 705 Θ·
401 639 456 706 καὶ
479 651 518 728 τῇ
539 645 604 706 ΗΘ
624 643 708 727 πρὸς
727 641 834 726 ὀρθάς
855 640 876 724 ἡ
898 645 968 726 ΘΚ,
990 640 1045 706 καὶ
1068 643 1172 727 τυχὸν

152 749 190 813 τὸ
209 751 254 811 Κ·
277 744 333 813 καὶ
356 757 395 833 τῇ
417 751 481 812 ΘΚ
501 748 585 834 πρὸς
608 747 714 832 ὀρθάς
736 746 757 830 ἡ
776 750 811 810 Κ
815 750 858 811 A·
882 743 937 811 καὶ
960 755 1060 812 τοῦτο
1082 746 1172 830 γινέ-
1200 765 1218 807 ε

154 861 242 937 σθω,
275 855 370 941 άχρις
399 853 442 918 άν
470 854 562 939 ὀφθῇ
590 855 627 918 τὸ
651 857 680 917 Β
711 863 856 938 σημεῖον.
906 851 1084 936 γεγονέτω,
1115 852 1173 918 καὶ

152 957 465 1048 παραγεῖγενήμθῶ
489 959 509 1043 ἡ
533 961 674 1044 ὃιόπτρα
697 957 751 1024 ἐπὶ
774 969 832 1043 τῆς
854 963 934 1043 KA,
961 958 1023 1035 ἕως
1051 954 1092 1025 οὗ
1115 961 1172 1025 διὰ

153 1075 211 1151 τῆς
239 1065 350 1152 ἑτέρας
373 1065 452 1150 έ<ν>
475 1065 558 1151 αὐτῇ
582 1065 717 1142 εὐθείας
740 1075 830 1151 φανῇ
853 1066 890 1130 τὸ
914 1069 952 1129 Β.
996 1064 1172 1150 πεφηνέτω

153 1174 256 1257 οὔσης
278 1183 335 1257 τῆς
358 1173 517 1257 ὃιόπτροις
538 1173 621 1236 κατὰ
644 1173 680 1237 τὸ
705 1175 744 1236 A.
786 1173 853 1256 ἅμα
875 1173 917 1255 δὴ
940 1172 1172 1248 διοπτεύοντες

153 1280 326 1364 γράψομεν
352 1277 389 1343 ἐν
417 1277 520 1364 χάρτη
548 1275 568 1359 ἣ
593 1274 696 1364 δέλτῳ
724 1279 762 1341 τό
789 1301 824 1341 τε
852 1285 959 1361 σχῆμα
988 1286 1049 1342 τοῦ
1076 1279 1171 1344 διοπ-
1185 1298 1217 1338 10

153 1393 304 1470 τρισμοῦ,
332 1382 504 1450 τουτέστιν
532 1384 590 1459 τάς
617 1382 749 1460 κλάσεις
771 1394 839 1448 τῶν
862 1383 1016 1467 εὐθειῶν,
1044 1381 1100 1449 καὶ
1123 1387 1173 1450 ἔτι

153 1493 193 1556 τά
220 1489 346 1575 μεγέθη
375 1487 512 1573 ἑκάστης
543 1488 654 1554 αὐτῶν
678 1488 912 1575 ἐπιγράψομεν.
958 1493 1041 1554 ἔστω
1066 1485 1173 1574 οὖνὴ

153 1593 215 1681 μὲν
242 1598 309 1661 ΑΓ
332 1607 448 1680 πηχῶν
479 1594 644 1682 εὑρημένη
674 1598 778 1679 λόγου
807 1595 906 1681 χάριν
935 1617 967 1661 κ·
999 1597 1020 1681 ἡ
1050 1593 1088 1662 δὲ
1112 1601 1173 1661 ΓΔ

152 1713 269 1788 πηχῶν
297 1705 351 1785 κβ·
381 1701 402 1785 ἡ
431 1698 468 1766 δὲ
490 1707 557 1766 ΔΕ
583 1713 698 1786 πηχῶν
729 1723 773 1775 ις·
804 1702 824 1786 ἡ
854 1698 891 1767 δέ
914 1706 974 1766 ΕΖ
1000 1713 1116 1787 πηχῶν
1139 1708 1172 1768 λ·

154 1810 174 1893 ἡ
203 1806 240 1875 δέ
265 1812 332 1873 ΖΗ
354 1819 469 1892 πηχῶν
497 1809 544 1872 ιδ·
577 1808 597 1892 ἡ
625 1805 663 1873 δὲ
687 1812 753 1873 ΗΘ
779 1818 895 1892 πηχῶν
922 1812 969 1892 ιβ·
999 1808 1019 1892 ἡ
1048 1805 1085 1874 δέ
1110 1812 1175 1873 ΘΚ
1187 1827 1215 1870 ιο

154 1926 269 2000 πηχῶν
299 1914 330 1994 ξ·
366 1914 386 1998 ἡ
417 1911 454 1980 δὲ
477 1917 548 1978 KA
576 1925 692 1998 πηχῶν
718 1934 755 1998 η·
791 1914 812 1998 ἡ
843 1911 880 1980 δέ
904 1918 968 1979 AB
998 1927 1113 2000 πηχῶν
1143 1940 1172 1981 ν.

154 2023 284 2087 τούτων
319 2018 357 2086 δὲ
393 2019 499 2096 οὕτως
534 2019 679 2104 ἐχόντων
716 2022 891 2104 νενοήσθω
926 2031 965 2107 τῇ
994 2027 1026 2086 Α
1032 2025 1065 2085 Γ
1088 2023 1175 2107 πρὸς

60 2157 81 2194 ν.
97 2145 136 2186 206
155 2129 262 2212 ὀρθάς
288 2125 413 2212 ἠγμένη
436 2127 457 2211 ἡ
481 2130 562 2191 AM
584 2124 639 2191 καὶ
669 2124 905 2210 έκβεβλημένάι
933 2127 967 2190 αἱ
995 2130 1070 2210 AB,
1097 2131 1173 2211 ΚΘ,

157 2236 235 2316 ΖΗ,
263 2237 331 2296 EA
361 2230 415 2297 ιιι
447 2234 487 2297 τι
518 2233 615 2316 <Μ>,
645 2236 690 2314 Ν,
720 2231 762 2316 Ξ,
794 2236 836 2296 ο·
868 2233 903 2297 αι
933 2229 970 2298 οι
993 2237 1068 2316 ΕΖ,
1092 2237 1172 2316 Ηο,

156 2343 217 2404 ΓΛ
240 2335 293 2404 ἐπὶ
316 2341 356 2404 τά
375 2343 420 2422 Π,
440 2343 475 2421 Ρ,
495 2342 540 2402 Σ.
563 2340 653 2403 ἔσται
676 2339 741 2424 άρα
763 2339 819 2403 διὰ
843 2340 922 2415 τοὺς
945 2338 1172 2424 ἐπικειμένους
1187 2359 1216 2400 2⁰

150 2429 322 2533 Δἀριθμοὺς
344 2444 365 2528 ἡ
388 2440 450 2529 μὲν
473 2450 505 2508 Α
512 2448 540 2508 0
562 2455 678 2528 πηχῶν
699 2447 755 2527 κβ,
780 2442 848 2510 ἐπεὶ
870 2442 925 2510 καὶ
948 2444 969 2528 ἡ
994 2448 1067 2510 ΓΔ·
1090 2445 1110 2530 η
1134 2442 1172 2511 δὲ

156 2551 220 2626 ΟΞ
240 2558 270 2637 λ,
294 2549 360 2617 ἐπεὶ
383 2549 438 2616 καὶ
461 2550 481 2634 ἡ
505 2555 581 2615 ΕΖ·
605 2549 625 2633 ἡ
649 2547 687 2615 δὲ
710 2549 779 2623 ΞΝ
798 2554 847 2634 ιβ,
872 2549 942 2616 ἐπεὶ
964 2549 1020 2615 καὶ
1043 2551 1064 2635 η
1088 2555 1172 2616 ΗΘ·

154 2657 175 2741 ἡ
199 2653 236 2722 δὲ
259 2661 341 2722 ΜΝ
359 2683 395 2742 η,
422 2656 492 2723 ἐπεὶ
515 2656 570 2722 καὶ
592 2656 613 2740 ἡ
636 2660 718 2720 KA·
747 2657 830 2722 ὥστε
853 2657 913 2741 ὅλη
936 2656 957 2740 ἡ
980 2661 1063 2721 AM
1080 2660 1172 2722 ἔσται

154 2774 270 2848 πηχῶν
292 2769 342 2849 οβ.
382 2765 485 2830 πάλιν
507 2760 545 2829 δὲ
567 2766 659 2828 ἔσται
680 2763 701 2847 ἡ
724 2760 786 2848 μὲν
809 2767 887 2828 ΜΣ
906 2774 1021 2848 πηχῶν
1043 2788 1078 2847 κ,
1102 2762 1173 2828 ἐπεὶ

154 2867 209 2934 καὶ
232 2869 253 2953 η
273 2872 351 2935 ΑΓ·
374 2870 394 2954 ἡ
418 2865 456 2935 δὲ
475 2875 550 2934 ΠΣ
569 2882 684 2955 πηχῶν
708 2892 753 2954 ις,
777 2868 847 2935 ἐπεὶ
870 2868 925 2934 καὶ
946 2870 967 2954 η
986 2875 1067 2934 ΔΕ·
1090 2870 1110 2954 ἡ
1134 2866 1215 2935 δέοι

156 2977 226 3038 ΠΡ
247 2986 363 3059 πηχῶν
392 2978 441 3060 ιδ,
478 2974 547 3041 ἐπεὶ
576 2974 632 3040 καὶ
661 2976 682 3060 ἡ
712 2980 787 3041 ΖΗ.
840 2977 939 3060 λοιπὴ
969 2978 1034 3063 άρα
1060 2976 1081 3060 ἡ
1110 2980 1175 3040 ΡΣ

155 3083 247 3145 ἔσται
279 3093 394 3166 πηχῶν
425 3086 461 3166 β·
497 3083 557 3167 ὅλη
589 3084 654 3169 άρά
683 3082 703 3166 ἡ
737 3086 811 3147 ΡΜ
837 3084 930 3147 ἔσται
966 3093 1081 3167 πηχῶν
1117 3085 1172 3165 κβ.

155 3187 257 3252 πάλιν
282 3183 320 3252 δὲ
342 3190 434 3254 ἔσται
459 3189 477 3272 ἡ
501 3193 563 3254 ΡΛ
590 3199 705 3273 πηχῶν
733 3187 765 3272 ξ,
793 3187 863 3254 ἐπεὶ
893 3187 949 3254 καὶ
975 3187 996 3271 ἡ
1018 3192 1096 3252 ΚΘ·
1124 3182 1173 3253 ὧν

228 3367 243 3416 'l
271 3363 526 3433 παραγεγενήσθωι
555 3362 663 3418 correxi
771 3367 787 3415 8
815 3359 912 3432 ἑτέρας
937 3358 1036 3432 ἑαυτῆς
1064 3361 1173 3416 correxi

192 3456 225 3505 16
248 3450 266 3520 ἡ
290 3451 321 3507 δὲ
340 3441 407 3508 H:
431 3469 499 3508 corr.
516 3451 554 3506 vi
632 3457 665 3504 22
689 3453 755 3505 ante
778 3449 864 3505 πάλιν
886 3451 974 3504 verba
997 3445 1058 3505 ἐπεὶ
1081 3451 1130 3506 καὶ
1153 3451 1173 3520 ἡ

156 3524 216 3577 ΗΘ
234 3521 339 3588 delevit
355 3542 392 3578 m.
408 3531 422 3577 1
