2654 3868
159 188 225 254 206
296 189 445 241 ΗΡΩΝΟΣ
464 187 728 247 ΑΛΕΞΑΝΔΡΕΩΣ
747 190 835 240 ΠΕΡΙ
852 190 1036 241 ΔΙΟΠΤΡΑΣ

159 352 199 416 οὐ
227 353 293 435 μήν
320 349 403 417 ιἰλλδι
426 348 481 416 καὶ
500 352 577 428 τοὺς
596 349 759 429 δοθέντας
779 353 902 427 τόπους
925 349 962 415 ἐν
984 359 1030 439 τη·
1048 349 1170 435 μεταξὺ

157 460 353 542 διαστήματι
383 469 451 523 τῶν
483 461 627 542 σημείων
658 457 925 541 ἐπισκεψώμεθα,
956 468 1026 534 πῶς
1056 460 1170 542 ἔχουσι

157 566 239 651 πρὸς
257 564 421 648 ἀλλήλους
439 563 494 629 καὶ
512 567 552 630 τδι
573 564 605 644 ἐξ
624 564 726 652 ἀρχῆς
745 563 890 630 δοθέντα
909 574 1034 648 σημεῖα.
1071 566 1170 629 ἔστω-

157 690 220 738 σαν
243 673 276 737 ολ
299 670 456 748 δοθέντες
479 675 585 756 τόποι,
612 671 762 737 τουτέστι
788 673 828 736 τδι
852 682 978 755 σημεῖα,
1001 673 1041 736 τδ
1064 676 1107 755 A,
1130 675 1168 736 Β.

157 778 209 844 δεῖ
222 780 259 844 δέ
274 776 525 862 ἐπισκέψασθαι,
536 778 698 864 ὁπότερον
707 778 818 844 αὐτῶν
826 780 1068 865 μετεωρότερόυ
1078 776 1169 843 ἐστιν
1196 803 1210 843 ε
1312 817 1313 832 ι

156 883 176 968 ή
196 888 440 971 ταπεινότερον·
458 883 513 951 καλ
531 887 569 951 τὸ
588 882 692 970 μένΒ
711 896 848 970 σημεῖον
863 887 945 950 ἔστω
961 886 1112 968 <τόπος>,
1132 883 1168 949 έν
1299 871 1314 918 ‘²

68 1035 71 1041 ·
157 983 277 1080 [αὐτ]ςδ
294 993 331 1057 τὸ
349 992 441 1078 ὕδωρ
461 991 561 1076 ἐστὶν,
580 993 617 1057 τὸ
636 989 673 1057 δέ
688 997 729 1076 A,
748 993 795 1069 εἰς
814 991 855 1057 δυ
870 990 981 1076 μέλλει
991 989 1167 1079 φέρεσθαι.

156 1097 215 1163 ἕνα
244 1093 307 1164 οὖν
334 1111 400 1164 τῶν
428 1098 611 1185 εἰρημένων
636 1102 789 1165 κανόνων
816 1099 928 1184 ἴστημι
950 1100 1033 1186 πρὸς
1055 1107 1101 1186 τῷ
1124 1103 1167 1182 A,

155 1203 210 1270 καὶ
240 1207 322 1271 ἔστω
353 1205 370 1272 ὁ
395 1209 468 1270 ΑΓ·
505 1201 575 1270 εἶτα
604 1205 790 1290 ἀποστήσας
819 1207 881 1289 τήν
910 1207 1072 1292 διόπτραν
1102 1204 1166 1270 ἀπὸ

154 1321 215 1378 τοῦ
242 1318 274 1377 A
305 1322 481 1396 τοσοῦτον,
513 1309 564 1397 ἐφ’
596 1313 677 1377 ὅσον
707 1313 882 1397 δυνάμεθα
908 1312 992 1398 δρᾶν
1018 1312 1079 1377 τὸν
1106 1314 1209 1378 ΑΓιο

154 1417 294 1504 κανόνα,
322 1417 375 1484 ἐπὶ
402 1421 443 1485 τδι
470 1419 552 1485 αὐτὰ
580 1418 662 1506 μέρη
685 1428 730 1508 τῷ
754 1424 797 1503 Β,
826 1418 1010 1505 ἐπιστρέφον
1033 1420 1093 1485 τδν
1117 1415 1162 1485 ἐπ’

154 1529 243 1614 ἄκρῳ
271 1534 316 1613 τῷ
345 1512 522 1614 στυλίσκιμ,
551 1526 588 1592 έν
616 1517 642 1614 ᾧ
671 1525 739 1592 ἐστὶ
766 1528 806 1592 τδι
833 1527 955 1591 ὑάλινα
978 1527 1165 1612 κυλίνδρια,

154 1634 248 1718 ἄχρις
280 1631 322 1698 δν
354 1631 402 1699 ἐπ’
435 1633 568 1711 εὐθείας
597 1632 732 1717 γένηται
762 1633 780 1700 δ
812 1635 951 1716 πλάγιος
979 1634 1091 1698 κανὼν
1117 1643 1164 1722 τῷ

155 1743 227 1804 ΑΓ.
273 1736 344 1806 εἶτα
376 1739 571 1827 ἐπιστρέψας
611 1742 652 1806 τδ
683 1742 835 1824 κοχλίδια
864 1739 901 1804 έν
936 1748 983 1828 τῷ
1014 1742 1133 1805 κανόνι
1158 1737 1162 1828 Ι

57 1873 71 1902 0
123 1861 137 1886 '
155 1845 267 1930 ἀνόγω
295 1849 353 1924 τὰς
382 1849 526 1932 λεπίδας,
555 1849 649 1934 ἄχρις
676 1847 717 1912 δν
745 1848 780 1912 αλ
807 1847 844 1912 έν
867 1846 981 1924 αὐταῖς
1003 1846 1164 1931 ἀνατομαὶ
1179 1871 1206 1911 ιε
1320 1907 1323 1916 .

153 1953 315 2036 γένωνται
337 1957 418 2021 κατὰ
440 1957 499 2032 τδις
522 1954 559 2020 ἐν
581 1966 650 2032 τοῖς
667 1955 819 2032 ὑαλίνοις
836 1955 997 2040 γραμμάς,
1020 1953 1059 2031 δὶς
1076 1965 1166 2019 ποιεῖ

152 2060 172 2144 ή
191 2070 251 2126 τοῦ
269 2061 391 2139 ὕδατος
409 2061 446 2128 έν
464 2061 577 2139 αὐτοῖς
595 2061 785 2147 ἐπιφάνεια·
813 2059 869 2126 καὶ
889 2059 1165 2126 κατασταθέντων

153 2167 257 2244 οὕτως
292 2180 360 2234 τῶν
396 2170 555 2235 λεπιδίωυ
586 2169 643 2233 διὰ
674 2180 741 2233 τῶν
773 2167 810 2233 ἐν
841 2167 954 2245 αὐτοῖς
975 2166 1165 2252 -ἀνατομῶν

153 2274 315 2340 διοπτεύω
351 2281 492 2360 θεωρῶν
522 2275 583 2339 τὸν
613 2277 680 2338 ΑΓ
705 2276 845 2358 κανόνα,
879 2283 935 2357 τής
967 2274 1164 2357 ἀσπιδίσκης

59 2408 80 2444 ι).
96 2399 134 2440 196
151 2379 426 2467 μετεωριζομένης
442 2380 464 2464 ἣ
482 2379 750 2466 ταπεινουμένης,
768 2383 863 2466 ἄχρις
880 2379 922 2445 δυ
941 2388 1031 2467 φανῇ
1045 2381 1066 2464 ἡ
1081 2380 1163 2465 μέση
1178 2403 1205 2443 εο

151 2495 211 2552 τοῦ
239 2492 359 2552 λευκοῦ
391 2485 447 2552 καὶ
476 2486 616 2572 μέλανος
643 2489 813 2574 χρώματος
840 2491 981 2575 γραμμή.
1025 2486 1081 2552 καὶ
1108 2511 1163 2572 με-

151 2593 274 2677 νούσης
300 2602 358 2677 τής
381 2595 538 2679 διόπτρας
561 2593 719 2678 ἀκινήτου
741 2597 883 2680 μεταβὰς
906 2593 941 2659 ἐκ
964 2603 1024 2660 τοῦ
1048 2592 1163 2680 ἑτέρου

151 2699 272 2786 μέρους
299 2700 462 2767 διοπτεύω
491 2702 547 2766 διδι
574 2712 641 2766 τῶν
668 2700 856 2785 ἀνατομῶν,
884 2700 1070 2785 ἀποστήσας
1097 2700 1161 2766 ἀπὸ

150 2816 208 2890 τῆς
230 2809 388 2894 διόπτρας
415 2809 474 2874 τὸν
501 2807 616 2895 ἕτερον
642 2810 768 2873 κανόνα
794 2818 955 2874 τοσοῦτον
982 2811 1065 2874 ὥστε
1087 2806 1161 2893 βλέ-

150 2921 286 2979 πεσθαι·
318 2913 373 2980 καὶ
397 2916 500 2980 πόλιν
526 2914 716 3000 χαλωμένης
743 2923 801 2998 τῆς
828 2913 939 3001 ἑτέρας
965 2915 1161 2999 ἀσπιδίσκης
1175 2936 1202 2977 ει

150 3027 268 3106 θεωρῶ
298 3022 358 3105 τήν
388 3021 425 3086 έν
454 3021 538 3108 αὐτή
566 3020 670 3106 μέσην
699 3033 766 3087 τῶν
795 3023 976 3108 χρωμάτων
998 3025 1160 3108 γραμμήν.

150 3128 232 3191 έστω
261 3122 324 3192 οὖν
351 3126 368 3193 ὁ
396 3127 550 3214 δεύτερος
576 3128 688 3192 κανὼν
711 3127 728 3194 ὁ
752 3133 825 3212 ΔΕ,
855 3128 995 3214 διόπτρα
1018 3127 1055 3195 δὲ
1077 3130 1097 3214 ή
1123 3134 1160 3214 Ζ,

315 3263 362 3270 *-

222 3343 237 3391 6
252 3336 561 3412 <16noc>RSchoene
576 3338 739 3393 dubitanter
811 3344 879 3392 6-7
895 3333 926 3393 ἒν
941 3340 1028 3411 αὐτῷε
1043 3356 1112 3394 corr.
1123 3339 1159 3394 Vi

187 3407 261 3472 ’λείς
284 3407 329 3466 av:
353 3408 393 3472 εἰς
417 3407 487 3465 &Vi
559 3416 590 3463 11
615 3415 718 3466 τοῦΒι
742 3408 849 3465 correxi
920 3407 1156 3466 11-1λτδνέπ’

150 3481 226 3554 ἄκρῳ
249 3487 287 3554 τῷ
310 3483 455 3555 στυλίσκηιε
479 3498 515 3536 sc.
535 3479 644 3536 κανόνα
716 3487 749 3534 12
767 3480 877 3535 δέλιναε
901 3480 1020 3549 correxi,
1044 3479 1078 3535 cf.
1093 3482 1157 3538 adn.

149 3589 176 3640 p.
193 3577 252 3640 196,
267 3577 300 3624 21
362 3575 394 3625 18
413 3572 524 3633 αότοιῖςι
544 3568 650 3624 correxi
709 3574 743 3624 27
762 3569 780 3638 ἡ
802 3557 844 3623 Z‘
863 3568 943 3624 τὰδὲ
958 3568 1032 3641 (sic):
1051 3571 1158 3624 correxi

1310 659 1312 738 λ

1311 739 1313 816 λ
