2642 3872
161 123 228 187 296
300 123 449 177 ΗΡΩΝΟΣ
467 121 732 182 ΔΛΕΞΑΝΔΡΕΩΣ
750 126 837 175 ΠΕΡΙ
854 124 1036 176 ΔΙΟΠΤΡΑΣ

163 286 336 369 τυμπάνου
350 285 499 368 ὀδόντας,
518 286 672 368 δηλονότι
691 293 750 350 τοῦ
769 285 941 369 τυμπνίνου
960 283 1068 370 ὀρθοῦ
1085 285 1172 371 πρὸς

163 394 222 456 τὸν
249 390 404 476 πυθμένα
430 395 592 476 κειμένου.
636 389 691 456 καὶ
718 399 816 456 τοῦτο
838 390 985 474 γινέσθω
1009 389 1059 475 ἐφ’
1087 391 1173 456 ὅσον

161 498 204 564 δν
236 499 435 582 βουλώμεθα
466 498 486 581 ἢ
519 497 537 564 6
569 500 668 573 τόπος
699 496 717 562 6
745 506 805 562 τοῦ
835 500 1035 583 κιβωταρίου
1057 499 1172 584 χώραν

65 635 90 671 υ,
104 625 144 664 ³10
163 606 233 689 ἔχη·
262 604 328 690 ὅσφ
352 606 414 687 γὰρ
438 608 575 669 πλείονα
596 607 724 686 γίνεται
746 603 786 668 τύ
809 626 843 668 τε
868 604 1020 687 τύμπανα
1051 601 1105 668 καὶ
1135 605 1171 669 ολ

159 714 303 794 κοχλίαι,
331 710 478 798 τοσούτῳ
505 708 560 775 καλ
587 710 608 793 ἡ
636 709 713 786 ὁδὸς
740 708 793 774 ἐπὶ
820 715 937 776 πλεῖον
963 708 1170 796 μετρουμένη
1202 725 1220 768 ⁵

160 817 383 902 εὑρεθήσεται.
425 815 560 892 ἕκαστος
582 817 645 902 γὰρ
668 820 801 900 κοχλίας
824 815 907 895 ὀίπαξ
931 815 1094 902 στραφεὶς
1108 825 1172 881 τοῦ

159 921 402 1010 παρακειμένου
433 923 522 1010 αὐτῷ
553 925 740 1006 τυμπανίου
776 920 835 987 ἕνα
871 922 993 987 ὀδόντα
1029 923 1171 1006 κινήσει·
1283 934 1288 940 “

159 1032 242 1095 ὥστε
265 1031 324 1094 τὸν
347 1025 409 1113 μὲν
431 1038 566 1113 συμφυῆ
593 1036 639 1115 τῷ
667 1034 863 1116 σκυταλωτῷ
890 1033 1061 1117 τυμπανίφ
1085 1027 1170 1108 ἅπαξ

160 1135 357 1222 στραφέντα,
377 1136 460 1201 ὀκτὼ
475 1131 537 1220 μὲν
550 1135 765 1221 περιμέτρους
779 1144 839 1200 τοῦ
849 1144 971 1218 τροχοῦ
985 1139 1168 1220 σημαίνειν,

159 1251 218 1307 τοῦ
257 1238 295 1307 δὲ
330 1241 571 1328 παρακειμένου
607 1241 697 1330 αὑτῷ
733 1245 920 1327 τυμπανίου
955 1239 1014 1306 ἕνα
1047 1242 1170 1307 ὀδόντα
1183 1261 1216 1302 1⁰

159 1347 374 1432 κεκινηκέναι.
424 1350 453 1413 εἰ
481 1349 576 1432 τύχοι
603 1341 680 1431 οὗν,
712 1349 749 1412 τὸ
776 1351 1019 1433 παρακείμενον
1045 1349 1171 1433 τύμπα-

159 1479 230 1538 νον,
251 1454 308 1520 ε’διν
326 1454 467 1531 ὀδόντας
486 1457 542 1540 ἔχη
561 1455 748 1539 τριάκοντα,
766 1453 850 1533 ἅπαξ
865 1451 1011 1540 στραφὲν
1028 1455 1093 1520 ὑπὸ
1107 1464 1169 1520 τοῦ

158 1565 294 1646 κοχλίου
323 1563 468 1647 στροφὰς
495 1563 636 1646 δηλώσει
663 1571 722 1627 τοῦ
750 1570 870 1647 τροχοῦ
895 1579 946 1645 σμ.
991 1559 1046 1626 καλ
1068 1563 1170 1626 πόλιν

159 1678 219 1734 τοῦ
243 1668 417 1754 εἰρημένου
441 1668 628 1734 ὀδοντωτοῦ
650 1672 838 1752 τυμπανίου
860 1667 944 1747 ὀίπαξ
967 1667 1170 1753 στραφέντος

160 1774 177 1840 6
205 1771 267 1859 μὲν
294 1777 448 1859 συμφυὴς
471 1775 560 1862 αὐτῷ
583 1779 715 1859 κοχλίας
738 1773 821 1853 ὀίπαξ
846 1778 1081 1859 στραφήσεται,
1108 1783 1168 1839 τοῦ
1182 1791 1210 1832 15

159 1878 196 1946 δέ
219 1881 462 1967 παρακειμένου
480 1889 526 1969 τῷ
548 1884 665 1968 κοχλίᾳ
682 1885 869 1966 τυμπανίου
892 1873 939 1958 εἷς
959 1881 1060 1957 ὀδοὺς
1076 1905 1168 1964 κινη-

158 1990 306 2071 θήσεται.
340 1988 399 2054 έδιν
413 1990 476 2074 ἄρα
499 1987 553 2053 καὶ
576 1997 674 2053 τοῦτο
693 1988 730 2052 τὸ
753 1990 926 2074 τύμπανον
949 1991 1006 2074 έχη
1029 1988 1169 2064 ὀδόντας

159 2100 193 2177 λ,
236 2094 315 2178 ὅπερ
358 2090 444 2160 εἶναι
480 2096 567 2171 εἰκὸς
602 2093 658 2159 καὶ
693 2099 847 2172 πλείονας
883 2098 1052 2178 γίνεσθαι,
1084 2093 1167 2173 ἅπαξ

160 2198 363 2284 στραφέντας
386 2200 499 2285 αὐτοῦ,
522 2198 664 2286 στροφαὶ
686 2210 746 2266 τοῦ
769 2209 890 2285 τροχοῦ
916 2202 1168 2284 δηλωθήσονται

159 2309 216 2392 χζσ·
240 2304 282 2369 ὀλν
304 2302 369 2390 [δὲ]
389 2308 453 2389 ὀίρα
471 2306 489 2372 6
508 2307 624 2390 τροχὸς
642 2309 698 2392 έχη
717 2308 778 2390 τήν
795 2310 992 2392 περίμετρον
1009 2318 1124 2390 πηχῶν
1143 2332 1165 2390 ι,
1179 2323 1205 2364 ²0

159 2449 291 2512 ἔσονται
314 2451 427 2530 πήχεις
450 2405 516 2533 ρζιχβ.
557 2444 648 2512 ἔστιν
672 2448 789 2512 στοίδια
811 2468 864 2534 ρπ.
904 2445 960 2512 καὶ
982 2456 1085 2512 ταῦτα
1107 2444 1168 2532 μέν

160 2551 213 2618 ε’πὶ
232 2562 291 2618 τοῦ
315 2550 350 2636 β’
369 2556 556 2638 τυμπανίου
575 2553 723 2639 εύρηταιῑ
744 2557 909 2619 πλειόνων
928 2549 964 2618 δὲ
983 2555 1090 2619 όντων
1112 2552 1167 2620 καὶ

159 2671 227 2724 τῶν
250 2660 400 2725 ὀδόντων
422 2662 504 2726 κατδι
524 2661 561 2725 τὸ
581 2666 710 2744 πλῆθος
729 2657 919 2744 αὐξομένων
941 2660 1167 2743 πολλοστὸ<ν>
1212 2706 1220 2713 -

159 2776 216 2850 τῆς
240 2766 322 2832 ὁδοῦ
345 2764 487 2850 μέγεθος
508 2766 765 2852 <εὑρεθ>ήσεται
788 2766 1021 2851 μετρούμενον.
1057 2768 1108 2832 δεῖ
1131 2763 1168 2832 66

159 2873 295 2958 τοιαύτη
313 2875 502 2958 χρήσασθαι
519 2882 712 2960 κατασκευῇ,
736 2875 818 2939 ὥστε
836 2875 879 2958 μὴ
899 2878 1010 2960 πολλςῦ
1030 2877 1166 2939 πλείονα
1179 2891 1206 2932 2⁵

160 2978 241 3044 ὁδὸν
264 2979 433 3045 δύνασθαι
457 2983 629 3064 σημαίνειν
651 2981 688 3045 τὸ
711 2982 856 3065 ὀρνανον
879 2977 943 3062 <ή>
966 2979 1028 3062 τὴν
1053 2978 1089 3043 ἐν
1109 2986 1168 3066 μιᾷ

230 3206 319 3277 4έχει
373 3213 519 3262 ὀτοσοῦτο
572 3211 740 3262 8σκυταλιω
754 3229 791 3261 τω
806 3227 950 3299 τυμπανιω
1002 3212 1105 3260 15-16
1119 3213 1167 3260 τοῦ

160 3279 191 3334 δὲ
210 3287 272 3333 τοῦτ
292 3279 342 3334 sed
361 3278 480 3332 alterum
493 3287 543 3334 τοῦ
558 3278 612 3334 del.
622 3298 657 3334 m.
670 3285 684 3332 1
741 3285 773 3332 18
787 3278 806 3333 f.
818 3296 921 3347 ουσπερ
937 3274 1011 3332 έστιν
1025 3276 1099 3339 είκδς
1112 3279 1166 3331 κτλ.

196 3356 229 3404 20
256 3368 311 3405 πσι
341 3367 409 3404 corr.
433 3349 470 3404 Vi
555 3349 611 3422 [δὲ]
639 3348 730 3404 delevi
820 3356 852 3403 21
880 3351 939 3402 ΜΒ
967 3367 1041 3402 εστιν
1069 3349 1167 3401 σταδια

196 3428 229 3474 22
262 3424 382 3490 είρηταιε
415 3421 520 3476 correxi
610 3427 643 3474 23
676 3419 836 3490 αὐξομένων
868 3422 955 3482 ποδος
985 3419 1029 3473 τὸι
1062 3417 1166 3472 correxi

69 3494 134 3512 ⁴¹*
197 3497 231 3545 24
249 3491 346 3560 ήσεται
364 3491 437 3563 (si0):
458 3492 563 3547 correxi
638 3498 672 3546 26
691 3491 752 3565 (ἢ)
771 3491 836 3545 add.
850 3489 886 3543 'Vi
