2654 3868
165 207 230 279 '278
300 216 450 268 ΗΡςιαοΣ
469 215 735 274 mmmmm*
754 219 840 269 nm
858 218 1041 270 ΔΙοΠΤΡΑΣ

161 378 267 453 ἀὐτάς
289 377 435 443 κάθετον
454 379 625 463 δοθεῖσαν,
648 378 786 462 ἀγαγεῖν
799 380 1012 464 παράλληλον
1035 387 1074 464 τῇ
1094 383 1173 462 ΑΔ,

165 485 209 560 ὡς
241 485 301 568 τὴν
333 488 411 568 ΕΖ,
444 484 745 570 ἀπολαμβάνουσαν
772 485 808 550 τὸ
826 489 975 550 ἈΔΕΖ
1001 484 1176 572 τραπέζιον

165 587 271 656 δοθέν
295 599 340 678 τῷ
362 589 506 675 μεγέθει,
556 590 717 676 γεγονέτω
747 593 788 676 δὴ
815 590 869 656 καὶ
898 591 1175 677 ἐκβεβλήσθωσαν

165 699 199 762 αλ
230 701 311 781 ΒΑ,
345 699 410 762 ΓΔ
442 696 496 763 έπὶ
527 699 565 764 τὸ
590 703 638 763 Η·
670 698 725 764 καὶ
756 700 897 776 κάθετος
928 699 948 783 K
981 697 1059 764 ΗΘ.
1103 696 1175 764 ἐπεὶ

164 798 227 868 οὖν
255 801 390 890 ἑκατέρα
416 815 484 870 τῶν
508 809 593 889 ΑΔ,
617 808 684 871 ΒΓ
707 805 847 871 δοθεῖσά
871 805 939 872 ἐστι
960 813 1009 892 τῷ,
1030 803 1175 890 μεγέθει,
1202 823 1217 864 ο

164 913 262 993 λόγος
290 912 354 997 άρα
380 919 439 994 τῆς
466 913 533 975 ΒΓ
555 913 639 998 πρὸς
662 917 733 976 ΑΔ
755 913 883 995 δοθεές,
917 913 1000 977 ὥστε
1030 909 1085 976 καὶ
1117 919 1175 994 τῆς

166 1020 239 1081 ΘΗ
252 1018 335 1104 πρὸς
353 1020 438 1101 ΗΚ,
461 1016 516 1083 καὶ
544 1026 601 1101 τῆς
631 1020 744 1083 (w
723 1042 787 1105 αρα
813 1020 896 1103 πρὸς
924 1021 1008 1083 ΚΗ·
1032 1015 1087 1083 καὶ
1106 1019 1175 1082 ἔστι

164 1125 303 1190 δοθεισα
325 1123 345 1207 K
372 1127 450 1208 ΘΚ,
474 1125 657 1190 δοθεῖσα”
636 1149 699 1209 αρα
722 1123 777 1190 καὶ
800 1124 820 1208 K
843 1129 923 1194 ΚΗ.
969 1124 1054 1190 άλλδι
1076 1121 1131 1189 καὶ
1152 1123 1174 1207 K

163 1235 233 1294 ΑΔ
256 1231 405 1296 δοθεῖσα.
439 1225 632 1296 δέδοται
595 1255 657 1296 ουν
679 1228 787 1295 καὶ
757 1255 794 1296 το
813 1235 928 1296 ΑΔΗ
945 1235 1158 1318 τρίγωνον
1128 1238 1174 1296 τῶ

163 1336 309 1421 μεγέθει·
342 1334 519 1401 δέδοται’
506 1339 570 1419 άρα
601 1335 656 1402 καὶ
680 1337 760 1402 ὅλον
790 1338 828 1402 τὸ
859 1341 962 1403 ΗΕΖ
994 1341 1172 1425 τρίγωνον·
1187 1359 1216 1398 10

163 1443 295 1526 λόγος”
276 1466 339 1529 αρα
354 1451 414 1507 τοῦ
427 1445 531 1507 ΗΕΖ
545 1443 711 1530 τριγώνου
725 1444 808 1530 πρὸς
830 1445 867 1508 τὸ
882 1447 991 1509 ΗΑΛ
1009 1447 1174 1532 τριγωνον

163 1551 287 1633 δοθείς,
312 1550 395 1615 ὥστε
417 1547 472 1613 παλ
491 1558 551 1614 τοῦ
570 1549 634 1614 άπὸ
655 1553 730 1614 ΛΗ
744 1551 827 1635 πρὸς
845 1553 881 1616 τὸ
901 1550 965 1616 ἀπὸ
984 1554 1062 1615 ΚΗ
1075 1554 1174 1634 λόγος

162 1653 231 1722 ε’στὶ
254 1657 381 1732 δοθείς·
404 1653 459 1720 καὶ
483 1658 573 1721 έστιν
596 1652 700 1722 δοθέν
723 1658 760 1721 τὸ
785 1655 848 1722 άπὸ
872 1660 957 1741 HK,
981 1654 1086 1722 δοθέν
1109 1659 1173 1744 άρα

161 1761 215 1828 καὶ
249 1763 285 1828 τὸ
319 1761 381 1826 άπὸ
406 1765 489 1826 ΗΛ·
522 1763 662 1828 δοθεῖσα
689 1765 753 1848 άρα
780 1762 800 1846 K
829 1767 907 1828 HA.
959 1764 1043 1829 άλλδι
1069 1762 1124 1829 καὶ
1151 1763 1172 1848 K

161 1872 247 1952 ΗΘ,
273 1866 328 1933 καὶ
356 1869 455 1952 λοιπὴ
486 1870 550 1955 άρα
571 1868 592 1953 K
616 1873 683 1933 ΑΘ
706 1870 846 1935 δοθεῖσά
869 1868 946 1934 ἐστι.
991 1868 1084 1936 θέσει
1108 1871 1173 1958 άρα
1186 1889 1214 1930 15

161 1973 282 2058 KEZ‘
315 1973 398 2040 άλλδι
429 1972 483 2039 καὶ
515 1974 535 2058 K
560 1978 633 2039 ΗΚ
658 1976 812 2060 δοθεῖσα,
844 1975 899 2041 καὶ
930 1977 1028 2060 λοιπὴ
1061 1979 1125 2062 άρα
1151 1977 1172 2061 K

160 2084 231 2147 ΚΛ
257 2081 398 2148 δοθεῖσά
426 2081 503 2147 ἐστι.
548 2081 641 2148 θέσει
669 2083 733 2167 άρα
762 2081 817 2147 καὶ
844 2083 864 2168 K
892 2087 964 2148 EZ.
1011 2086 1173 2168 σνντεθή-

55 2202 145 2244 10L75'
163 2206 253 2253 σεται
277 2189 317 2271 δὴ
338 2189 342 2272 Ι
364 2187 476 2264 οὕτως.
509 2191 590 2253 έστα
614 2189 635 2273 K
658 2185 719 2273 μέν
743 2193 810 2255 ΒΓ
828 2201 956 2276 μοιρῶν
979 2191 1023 2273 ιδ,
1045 2189 1066 2274 K
1090 2187 1172 2275 <δὲ>

161 2299 230 2358 ΑΔ
252 2305 380 2378 μοιρῶν
404 2291 494 2378 ἑπτά,
516 2294 536 2378 K
561 2291 598 2360 δέ
622 2293 669 2360 ἐπ’
698 2294 803 2380 αὐτὴν
825 2297 966 2371 κάθετος
993 2307 1120 2381 μοιρῶν
1144 2317 1172 2371 ς.

67 2419 142 2464 σεῖε
160 2398 229 2466 ἐπεὶ
252 2395 314 2465 οὖν
338 2400 495 2466 διπλασία
524 2399 614 2467 ἐστὶν
640 2400 660 2484 K
685 2404 751 2466 ΒΓ
774 2410 832 2485 τῆς
859 2407 943 2486 ΑΔ,
972 2403 1031 2487 ὅλη
1060 2405 1123 2488 άρα
1149 2403 1212 2487 ἡεο

160 2511 231 2572 ΗΘ
252 2517 309 2592 τῆς
328 2510 402 2571 ΗΚ
418 2505 486 2573 έστὶ
510 2508 705 2573 διπλασίαν·
728 2506 784 2573 καὶ
807 2511 897 2575 ἔστιν
918 2509 938 2592 K
958 2512 1027 2575 ΚΘ
1044 2521 1172 2597 μοιρῶν

160 2633 191 2688 ς’
215 2615 305 2680 ἔσται
320 2615 383 2698 άρα
402 2611 457 2678 καὶ
481 2613 544 2698 <K>
562 2615 661 2699 λοιπὴ
679 2626 807 2701 μοιρῶν
831 2636 861 2690 ς·
886 2614 971 2681 άλλδι
989 2613 1044 2681 καὶ
1061 2615 1082 2700 K
1105 2622 1173 2682 ΑΔ

159 2731 286 2808 μοιρῶν
321 2723 348 2800 ζ·
371 2721 408 2785 τὸ
437 2721 501 2805 άρα
524 2725 638 2786 ΑΔΗ
660 2725 824 2809 τρίγωνον
852 2725 942 2788 ἔσται
970 2733 1098 2807 μοιρῶν
1121 2746 1172 2788 κα.

161 2826 239 2892 δέον
262 2821 324 2893 οὖν
347 2829 429 2892 ἔστω
452 2828 489 2893 τὸ
509 2827 760 2914 ἀφαιρούμενον
779 2829 952 2916 τραπέζιον
970 2840 1080 2895 ποιεῖν
1098 2853 1170 2914 μοι·

160 2945 231 3020 ρῶν
254 2933 411 2999 ιθ·.ὅλον
434 2935 498 3019 άρα
519 2934 557 2998 τὸ
577 2937 679 2999 ΗΕΖ
697 2939 863 3020 τρίγωνον
876 2938 966 3002 ἔσται
989 2947 1117 3023 μοιρῶν
1135 2957 1169 3002 υ·
1184 2955 1212 2996 25

158 3038 215 3105 καὶ
242 3038 311 3106 ἐπεὶ
339 3040 359 3124 K
383 3042 457 3104 HK
481 3051 608 3127 μοιρῶν
637 3039 727 3106 έστλν
756 3065 789 3126 ς,
821 3043 858 3107 τὸ
892 3044 956 3129 άρα
983 3041 1038 3108 ἀπ’
1069 3043 1171 3128 αὐτῆς

159 3158 287 3234 μοιρῶν
314 3145 382 3212 ἐστὶ
411 3152 458 3221 λς.
512 3149 784 3228 πολλαπλασιάζω
818 3143 880 3214 οὖν
914 3148 954 3214 τά
982 3153 1022 3223 λς
1049 3147 1102 3214 ε’πὶ
1130 3151 1170 3214 τά

231 3381 263 3429 12
283 3375 352 3445 πρὸς
369 3384 407 3430 τῶ
471 3376 541 3445 15K
560 3380 620 3430 ΛΗ
636 3378 756 3432 δοθεισα
812 3381 900 3444 θεσις,
919 3379 981 3431 tum
998 3393 1054 3430 una
1072 3375 1170 3432 littera

159 3462 239 3500 erasa
258 3449 301 3500 est
365 3452 397 3500 17
417 3446 464 3501 καὶ
483 3447 500 3516 K
516 3451 568 3502 ΕΒ
633 3451 666 3502 19
686 3468 788 3503 επαοτ.
798 3450 905 3518 a(post
923 3468 938 3503 τ
956 3464 1012 3502 una
1030 3447 1084 3502 litt.
1105 3464 1170 3502 eva-

156 3512 231 3598 nuit)
303 3523 377 3572 20-
383 3523 416 3572 21
441 3517 497 3588 ἄρα
520 3518 616 3587 KHO
688 3525 721 3573 27
745 3527 850 3590 μοιρῶν
874 3537 932 3574 εστι
954 3523 988 3589 λι,
1010 3518 1050 3589 (m
1068 3516 1170 3573 ultlma

159 3586 215 3643 litt.
231 3587 341 3657 aliquid
359 3591 514 3645 correctum
532 3592 585 3660 est)
