2606 3868
156 169 199 232 56
322 171 471 224 Ηειεαον
490 169 755 228 εοοωεααεειεν
772 169 957 223 Μυυευοοα
975 171 999 220 A

155 333 238 398 ὥστε
265 330 319 396 καὶ
346 341 403 416 τῆς
426 336 496 395 ΔΕ
520 332 602 415 πρὸς
625 335 693 396 ΚΘ
720 335 832 415 λόγος,
860 330 900 396 ὃν
926 335 972 415 μβ
998 332 1080 417 πρὸς
1106 356 1162 416 μγ,

154 435 325 503 τουτέστιν
344 437 384 502 ὃν
401 439 446 502 πθ
464 438 546 524 πρὸς
569 460 620 512 πς.
661 436 716 502 καὶ
738 447 798 503 τοῦ
821 438 885 504 άπὸ
903 442 973 502 ΛΕ
993 439 1057 524 άρα
1079 440 1163 524 πρὸς

153 544 192 608 τὸ
218 544 284 610 ὑπὸ
308 549 377 608 ΔΕ
396 547 465 608 ΚΘ
491 546 589 626 λόγος
614 544 632 609 ὁ

155 650 267 728 αότός·
283 653 365 716 ὥστε
374 650 455 734 <τοῦ
469 649 532 714 άπὸ
543 651 632 732 ΛΕ>

153 758 237 844 πρὸς
269 759 306 822 τὸ
334 761 439 821 ΔΘΕ
468 759 633 842 τρίγωνον

155 866 267 946 λόγος,
305 863 345 928 ὃν
379 865 425 928 πθ
460 863 544 949 πρὸς
579 886 631 947 μγ.

154 979 215 1034 τοῦ
243 966 280 1034 δὲ
302 971 467 1056 τριγώνου
489 969 572 1055 πρὸς
594 971 631 1034 τὸ

157 1074 348 1158 ἑπτάγωνον
371 1079 469 1158 λόγος
492 1075 509 1140 ὁ
528 1084 588 1139 τοῦ
611 1100 632 1139 α

153 1183 236 1265 πρὸς
262 1186 289 1262 ζ·
312 1180 366 1248 καὶ
390 1192 449 1248 τοῦ
476 1179 539 1246 άπὸ
565 1186 634 1245 ΔΕ
695 1159 736 1224 Γ

153 1290 218 1374 άρα
235 1289 319 1374 πρὸς
336 1289 373 1353 τὸ
393 1285 584 1370 ἕπτάγωνον
598 1291 632 1370 ιβ

153 1397 237 1481 πρὸς
259 1419 312 1480 μγ.
357 1391 412 1459 καὶ
436 1397 504 1459 ἔστι
527 1389 632 1459 δοθὲν

152 1503 189 1566 τὸ
223 1500 286 1566 άπὸ
319 1506 398 1565 ΔΕ·
432 1497 535 1566 δοθὲν
568 1502 631 1586 άρα

151 1606 207 1672 καὶ
235 1610 272 1673 τὸ
302 1606 500 1691 ἕπτάγωνον.
551 1624 629 1672 συν-

152 1717 325 1798 τεθῆσεται
349 1711 386 1779 δὲ
409 1714 526 1790 οὕτως·
555 1715 594 1779 τὰ
618 1739 629 1778 ι

152 1819 203 1905 ἐφ’
227 1818 339 1885 ἑαυτά·
362 1824 508 1904 γίγνεται
532 1845 564 1907 ρ.
588 1829 689 1885 ταῦτα
713 1817 766 1885 ε’πὶ
789 1822 828 1885 τά
850 1839 908 1903 μγ·
931 1823 1078 1902 γίγνεται
1101 1819 1158 1904 Ιότ.
1174 1837 1201 1876 15

150 1927 280 1992 τούτων
306 1929 343 1993 τὸ
372 1925 432 2011 ιβ’·
462 1932 608 2010 γίγνεται
635 1951 695 2011 τνη
723 1925 766 2010 γ’.
817 1927 977 1992 τοσούτου
1005 1928 1094 1990 ἔσται
1121 1926 1158 1989 τὸ

153 2031 298 2116 ἐμβαδὸν
320 2043 380 2098 τοῦ
404 2032 606 2116 ἑπταγώνου.

181 2162 184 2172 ·
219 2162 269 2202 κα.
297 2137 424 2225 ΙἝστω
452 2140 642 2222 ὀκτάγωνον
670 2142 868 2222 ἰσόπλευρον
894 2137 949 2204 καὶ
982 2140 1160 2221 ἰσογώνιον

151 2245 188 2308 τὸ
221 2248 515 2330 ΑΒΓΔΕΖΗΘ,
552 2243 592 2312 οὗ
630 2244 747 2330 ἑκάστη
783 2247 910 2332 πλευρά
945 2247 1101 2329 μονάδων
1138 2270 1158 2308 ι.

151 2349 264 2436 εὑρεῖν
290 2351 393 2416 αὐτοῦ
420 2354 457 2419 τὸ
486 2353 638 2437 ε’μβαόὀν.
687 2354 836 2437 εἰλήφθω
865 2354 901 2417 τὸ
929 2350 1068 2434 κε’ντρον
1098 2360 1158 2415 τοῦ
1173 2370 1201 2408 20

150 2455 227 2541 περὶ
254 2457 335 2522 αὐτὸ
363 2459 487 2525 κύκλου
515 2460 552 2524 τὸ
580 2462 627 2542 Κ,
654 2457 709 2523 καὶ
738 2458 986 2541 ἐπεζεύχθωσαν
1014 2458 1048 2521 αἱ
1075 2460 1111 2521 Κ
1115 2462 1158 2540 A,

150 2566 220 2627 ΚΕ
244 2562 298 2628 καὶ
326 2563 378 2630 ἐπὶ
406 2567 467 2649 τῆν
494 2571 563 2630 ΔΕ
587 2567 727 2642 κάθετος
753 2567 846 2648 ῆχθω
874 2564 894 2647 ῆ
922 2567 999 2628 ΚΛ.
1046 2563 1066 2646 ῆ
1095 2564 1159 2648 άρα

150 2669 215 2734 ὑπὸ
235 2674 341 2735 ΛΚΕ
355 2676 460 2755 γωνία
478 2671 617 2756 ἡμίσους
641 2669 730 2737 ἐστὶν
756 2671 873 2757 ὀρθῆς·
897 2672 979 2736 ὥστε
1001 2671 1159 2752 τετάρτου

150 2774 241 2840 ἐστὶν
268 2776 373 2863 ὀρθῆς
404 2777 424 2861 ἡ
457 2778 522 2843 ὑπὸ
550 2781 663 2842 ΔΚΛ.
709 2778 895 2842 συνεστάτω
924 2777 965 2859 δη
993 2776 1074 2862 αὐτῆ
1104 2782 1158 2859 ἴση

149 2881 170 2964 ῆ
204 2881 269 2947 ὑπὸ
298 2887 424 2948 ΚΛΜ·
450 2874 607 2967 τετάρτου
635 2885 698 2969 άρα
725 2881 780 2948 καὶ
803 2883 823 2967 ἡ
846 2883 911 2948 ὑπὸ
935 2886 1062 2947 ΚΛΜ·
1084 2881 1158 2965 ῆμί-
1173 2900 1200 2940 2⁵

149 3005 230 3064 σους
253 2990 316 3075 άρα
339 2988 359 3072 ἡ
382 2991 447 3055 ὑπὸ
467 2994 579 3055 ΔΜΛ
602 2988 693 3055 ἐστὶν
713 2990 826 3076 ὀρθῆς.
867 2989 954 3072 ὀρθὴ
978 2985 1015 3054 δὲ
1037 2989 1160 3075 ῆπρὸς

37 3138 38 3141 =
148 3103 196 3181 τῷ
219 3098 261 3159 A·
293 3100 346 3178 ἴση
370 3097 434 3178 ἄρα
457 3094 547 3161 ἐστὶν
569 3097 588 3179 ῆ
612 3100 682 3162 ΔΛ
704 3106 743 3182 τῆ
766 3099 850 3161 ΜΛ.
896 3097 1072 3161 διπλάσιον
1095 3098 1159 3180 άρα

17 3211 21 3219 “
149 3201 187 3264 τὸ
215 3200 278 3264 άπὸ
307 3204 389 3265 ΔΜ
409 3211 470 3266 τοῦ
502 3203 566 3268 άπὸ
601 3207 689 3268 ΜΛ·
721 3203 741 3286 ῆ
774 3205 838 3290 άρα
866 3206 948 3267 ΔΜ
973 3204 1056 3288 πρὸς
1083 3207 1159 3267 ΜΛ

147 3308 252 3389 λόγον
280 3309 345 3389 ἔχει
373 3310 519 3393 ἔγγιστα,
548 3309 589 3374 ὀν
619 3315 648 3390 ιζ
673 3311 756 3397 πρὸς
784 3313 826 3394 ιβ.
874 3316 927 3393 ἴση
957 3307 997 3373 δι’
1022 3307 1111 3373 ἐστιν
1137 3308 1158 3391 ῆ

223 3465 328 3516 1ΜΒ;
348 3467 370 3516 Β
388 3462 418 3516 in
436 3481 534 3519 rasura
552 3486 587 3521 m.
607 3474 622 3521 2
643 3470 677 3538 (?)
738 3465 877 3522 4inserui
940 3472 972 3520 17
993 3461 1055 3534 ἑξῆς
1073 3463 1090 3532 ῆ
1110 3483 1159 3517 κα-

147 3531 281 3602 ταγραφή
299 3531 329 3585 in
347 3551 433 3604 marg.
448 3534 496 3590 inf.
511 3555 547 3592 m.
564 3545 578 3591 1
