2654 3868
157 244 223 310 260
292 246 442 299 ΗΡΩΝΟΣ
460 241 727 305 ΔΛΕΞΑΝΔΡΕΩΣ
745 247 833 298 ΠΕΡΙ
850 246 1034 298 ΔΙΟΠΤΡΑΣ

63 437 85 475 1³.
99 425 139 468 ιοε
223 411 273 492 κβ.
296 408 365 472 Διά
388 409 546 493 διόπτρας
564 405 744 492 ἀπολαβεῖν
769 407 942 492 διάστημα,
966 405 1030 473 ἀπὸ
1055 403 1169 492 ἑτέρου

155 510 317 590 δοθέντος
345 516 481 599 σημείου
509 513 565 578 έπί
595 537 687 591 τινος
719 513 853 591 εὐθείας
883 516 1099 600 παραλλήλου
1130 523 1169 601 τῆ

156 622 295 708 δοθείσῃ
320 626 395 686 ἴσον
417 627 462 707 τῷ
486 616 623 686 δοθέντι
647 621 852 706 διαστήματι,
875 619 919 705 μῆ
938 621 1171 707 προσελθόντα

156 734 202 816 τῷ
232 731 354 814 σημείῳ
382 723 457 812 μηδ’
493 730 611 811 ἔχοντα
638 728 699 810 τῆν
728 726 905 814 εἰρημένην
931 727 1084 812 εὐθεῖαν,
1115 725 1165 812 ἐφ’

156 829 196 917 ῆς
227 835 279 900 δεί
311 832 500 918 ἀπολαβεῖν.
546 836 628 901 ἔστω
661 830 767 899 δοθὲν
799 844 936 918 σημεῖον
967 835 1005 900 τὸ
1038 839 1082 898 Α·
1114 831 1170 900 καὶ
1199 851 1211 892 ⁶

156 942 281 1005 κείσθω
312 939 396 1025 πρὸς
427 948 473 1027 τῷ
505 944 533 1004 Β
561 939 581 1024 ῆ
610 941 763 1026 διόπτρα·
791 938 847 1005 καὶ
875 940 1030 1027 εὑρῆσθαι
1060 939 1080 1024 ἡ
1105 944 1170 1004 ΑΒ

157 1046 273 1112 εὐθεῖα
291 1045 389 1131 ἡλίκη
404 1045 505 1130 ἐστὶν,
523 1047 568 1124 ὡς
586 1045 768 1131 ἐμάθομεν
786 1045 841 1112 καὶ
858 1045 1055 1132 ἀπειλῆφθαι
1071 1047 1172 1131 αὐτῆς

157 1153 278 1244 ῆΒΓ,
305 1151 405 1239 μέρος
432 1153 449 1218 ὃ
478 1156 678 1238 βουλόμεθα
723 1153 743 1238 ῆ
772 1151 809 1218 δέ
833 1157 900 1219 ΓΛ
926 1156 1020 1240 ῆχθοι
1047 1154 1172 1240 παράλ-

156 1265 257 1352 ληλος
279 1249 300 1347 ᾖ
324 1260 518 1345 βουλόμεθα
540 1259 667 1347 εὐθείηι,
689 1259 789 1346 μέρος
811 1255 896 1326 οὖσα
923 1270 983 1326 τοῦ
1011 1258 1173 1337 δοθέντος

157 1369 392 1451 διαστήματος,
416 1366 434 1432 ὃ
461 1366 560 1452 μέρος
587 1365 678 1432 ἐστίν
705 1364 760 1432 καὶ
782 1367 802 1450 ῆ
826 1370 894 1432 ΒΓ
911 1376 970 1451 τῆς
992 1371 1067 1431 ΒΑ.
1116 1364 1171 1432 καὶ
1187 1386 1213 1425 ιο

158 1474 214 1538 διά
241 1482 299 1558 τῆς
325 1474 484 1558 διόπτρας
511 1471 531 1556 ἡ
559 1477 627 1538 ΒΛ
654 1473 771 1539 εὐθεῖα
797 1476 1090 1558 προεκβεβλῆσθυ,
1118 1470 1173 1537 καὶ

157 1576 213 1644 ἀπ’
250 1578 351 1663 αὐτῆς
384 1577 581 1664 ἀπειλῆφθαι
617 1577 637 1663 ῆ
676 1583 754 1663 ΒΕ,
791 1583 1058 1646 τοσαυταπλασία
1089 1573 1173 1644 οὖσα

158 1695 216 1778 τῆς
238 1691 319 1771 ΒΔ,
347 1685 532 1751 δσαπλασία
557 1682 613 1751 καὶ
641 1683 661 1769 ἡ
690 1691 755 1752 ΑΒ
783 1696 842 1771 τῆς
869 1689 939 1751 ΒΓ.
992 1689 1083 1750 ἔσται
1112 1680 1174 1750 οὖν

155 1792 176 1876 ῆ
210 1798 278 1857 ΑΕ
307 1801 368 1859 τοῦ
400 1815 436 1858 τε
467 1791 629 1871 δοθέντος
660 1792 783 1879 μέτρου
814 1792 870 1859 καὶ
898 1793 1107 1878 παράλληλος
1134 1801 1173 1878 τῆ

156 1902 235 1963 ΛΓ·
256 1907 354 1966 τοῦτο
373 1901 436 1986 γάρ
458 1903 606 1986 φανερόν
629 1900 697 1966 ἐστι
721 1902 777 1966 διά
802 1902 838 1966 τὸ
859 1895 944 1966 εἶναι
964 1900 1008 1975 ὡς
1026 1900 1087 1982 τῆν
1106 1903 1171 1962 ΑΒ
1189 1917 1215 1957 ιι

156 2007 239 2091 πρὸς
270 2007 331 2089 τῆν
365 2009 441 2091 ΓΒ,
473 2009 535 2091 τῆν
561 2030 596 2072 τε
628 2010 692 2072 ΕΒ
724 2007 808 2092 πρὸς
835 2011 901 2072 ΔΒ
931 2004 987 2072 καὶ
1016 2007 1078 2089 τῆν
1108 2008 1176 2069 ΑΒ

157 2112 242 2197 πρὸς
265 2115 338 2177 ΓΔ.
764 2116 766 2120 ’

64 2247 86 2284 ο.
100 2230 166 2308 ιοοῇ
222 2242 272 2300 κη.
323 2219 366 2283 ffb
409 2215 513 2285 δοθέν
556 2221 679 2306 χωρίον
714 2228 873 2306 μετρῆσαι
909 2219 966 2284 διά
1003 2217 1170 2304 διόπιρας.

156 2315 238 2390 ἔσται
271 2325 307 2390 τὸ
348 2322 454 2391 δοθέν
490 2330 615 2412 χωρίον
651 2328 888 2413 περιεχόμενον
923 2326 990 2391 ὑπὸ
1022 2332 1177 2414 γραμμῆς

156 2431 297 2497 ἀτάκτου
337 2440 395 2516 τῆς
435 2435 724 2498 ΑΒΓΔΕΖΗΘ.
783 2431 853 2500 ἐπεὶ
894 2427 957 2499 οὐν
998 2431 1167 2516 έμάθομεν
1187 2450 1213 2490 εο

156 2539 212 2603 διά
238 2548 296 2621 τῆς
321 2542 643 2622 κατασκευασθείσης
670 2539 829 2625 διόπτρας
859 2526 989 2622 διάμειν
1017 2539 1107 2625 πάση
1136 2546 1175 2622 τῆ

156 2646 296 2730 δοθείση
337 2644 454 2732 εὐθείᾳ
491 2643 650 2731 <ἑτέραν>
689 2647 772 2731 πρὸς
813 2645 933 2731 ὀρθάς,
976 2647 1099 2730 ἔλαβόν
1144 2668 1176 2708 τι

158 2762 294 2835 σημεῖον
326 2747 379 2816 ἐπὶ
410 2761 468 2837 τῆς
498 2752 714 2837 περιεχούσης
740 2753 776 2818 τὸ
805 2756 929 2838 χωρίον
957 2761 1108 2838 γραμμῆς
1138 2751 1176 2817 τὸ

157 2862 201 2942 Β,
228 2856 283 2923 καὶ
310 2859 436 2942 ῆγαγον
464 2857 612 2925 εὐθεῖαν
633 2868 801 2944 τυχοῦσαν
834 2860 890 2925 διά
922 2867 980 2944 τῆς
1014 2859 1176 2944 διόπτρας

157 2966 218 3048 τῆν
241 2968 320 3048 ΒΗ,
343 2962 396 3029 καὶ
418 2965 519 3051 ταύτη
542 2966 626 3052 πρὸς
649 2965 756 3051 ὀρθὰς
778 2967 839 3049 τῆν
862 2968 937 3049 ΒΓ,
956 2962 1033 3049 <καὶ
1051 2965 1175 3050 ταύτη>
1190 2983 1216 3024 ει

158 3068 273 3156 ἑτέραν
299 3071 383 3157 πρὸς
405 3071 511 3157 ὀρθάς
533 3074 595 3156 τῆν
618 3074 694 3156 ΓΖ,
716 3069 772 3136 καὶ
794 3071 916 3155 ὁμοίως
939 3080 977 3158 τῆ
1000 3073 1063 3136 ΓΖ
1086 3072 1170 3156 πρὸς

158 3178 264 3265 ὀρθὰς
295 3179 357 3261 τῆν
389 3182 460 3242 ΖΘ.
512 3177 567 3244 καὶ
594 3182 716 3264 ἔλαβον
743 3177 796 3244 ἐπὶ
823 3191 892 3244 τῶν
920 3177 1089 3263 ἀχθεισῶν
1122 3177 1174 3243 εὐ-

158 3291 263 3350 θειῶν
291 3294 411 3369 συνεχῆ
440 3295 570 3369 σημεῖα,
601 3284 654 3351 ἐπὶ
688 3281 750 3371 μὲν
783 3294 841 3370 τῆς
878 3289 952 3350 ΒΗ
983 3286 1024 3350 τά
1052 3287 1098 3368 Κ,
1135 3285 1176 3368 Λ,

231 3484 263 3532 11
288 3479 337 3534 διά
360 3487 408 3548 τῆς
431 3482 484 3560 ΒΔ
507 3477 622 3540 εὐθείας
645 3485 678 3548 τῆ
702 3467 833 3558 διόπτραε
858 3493 927 3531 corr.
947 3475 984 3531 Vi
1054 3493 1175 3558 προοεκῑ
1195 3453 1196 3458 ¹
1314 3519 1315 3544 ,

56 3566 106 3576 ”“
161 3548 330 3676 βείέλῧῆιὲῆιχι6
339 3548 477 3692 ffisslw
517 3555 549 3604 13
570 3547 652 3605 ἔσται
673 3565 741 3604 corr.
757 3547 794 3603 V1
851 3552 884 3601 16
903 3547 954 3617 τὴν
974 3551 1035 3602 M:
1056 3563 1125 3601 corr.
1140 3547 1177 3602 V1
