2654 3868
104 223 106 228 .
158 169 225 232 214
294 171 445 223 amon
464 167 730 226 εεεΞεαΔΡεςιΣ
750 169 837 220 ΠΕΡΙ
855 169 1037 220 ΔιοΠΤΡεΣ

159 330 240 420 [καί]
249 331 435 418 ἐπιγραφάς
445 333 579 415 ἔχοντας
587 328 1173 415 συγχωνυύεινἡπροσανοικοδομείν
1306 395 1307 432 3

157 439 241 524 πρὸς
259 438 297 502 τὸ
316 440 395 513 τοὺς
409 435 647 522 ἐργαζομένους
661 436 699 502 ἐν
712 434 830 521 μηδενὶ
843 440 1043 500 πλανᾶσθαι.
1069 433 1174 519 άχθὴ-
1305 435 1307 454 “

158 562 249 610 σεται
272 540 309 608 δὲ
332 545 369 609 τὸ
393 544 500 628 ὑγρὸν
523 542 564 608 ού
587 544 644 608 διά
666 553 724 628 τῆς
747 542 848 626 αὐτῆς
871 542 964 625 ὁδοῦ,
988 539 1031 606 δι’
1056 535 1095 624 ἡς
1117 539 1173 606 καὶ

157 652 194 716 τὸ
218 653 317 734 κλίμα
341 648 541 734 ἐπέγνωμεν,
564 649 648 715 ἀλλὰ
671 647 715 714 δι’
739 647 851 734 ἑτέρας
869 647 1072 732 εὐθετούσης
1089 647 1173 732 πρὸς

157 758 194 822 τὸ
217 756 438 842 ὑδραγώγιον.
478 757 638 833 πολλάκις
660 758 724 842 γάρ
745 754 900 839 ἐμποδὼν
927 755 1058 819 ἵσταταί
1081 777 1124 836 τι,
1152 752 1172 837 ἡ
1204 772 1217 812 ε

157 865 236 949 δρος
263 865 485 948 σκληρότερον
511 861 532 946 ἡ
560 864 802 948 μετεωρότερον
829 860 850 945 ἡ
880 869 998 946 χαῦνοι
1028 862 1125 926 τόποι
1152 859 1172 942 ἡ

156 970 312 1046 θειώδεις
339 968 359 1052 ἡ
386 972 538 1034 τοιοῦτοί
557 991 646 1044 τινες
668 970 765 1034 τόποι
787 968 989 1052 βλάπτοντες
1011 968 1049 1032 τὸ
1071 967 1173 1054 ὕδωρ.

64 1103 86 1139 ο.
101 1093 140 1132 νοτ
158 1076 323 1152 τοιούτοις
355 1076 436 1141 ὅταν
462 1075 704 1161 περιτύχωμεν,
736 1074 949 1158 ἐκνεύσομεν,
982 1075 1065 1140 ὥστε
1091 1076 1174 1139 κατὰ

157 1178 262 1265 μηδὲν
291 1179 499 1266 βλάπτεσθαι
526 1182 588 1264 τὴν
610 1190 671 1246 τοῦ
694 1181 815 1258 ὕδατος
833 1180 976 1265 ἀγωγην.
1016 1177 1113 1245 ἕνεκα
1136 1177 1173 1245 δὲ

157 1285 212 1352 καὶ
235 1297 296 1353 τοῦ
318 1288 362 1372 μὴ
385 1286 592 1374 μακροτέραν
620 1287 702 1352 ὁδὸν
729 1289 917 1373 φερόμενον
943 1287 980 1351 τὸ
1006 1286 1098 1372 ύδωρ
1126 1289 1173 1364 είς
1188 1305 1217 1344 1⁰

157 1396 290 1477 μείζονα
313 1395 465 1478 δαπάνην
488 1393 657 1460 ἐκπίπτειν
680 1393 831 1478 δείξομεν
854 1391 937 1477 ἑξῆς,
960 1393 1004 1469 ώς
1027 1393 1174 1458 δυνατὸν

158 1500 248 1564 ἔσται
276 1501 338 1583 τὴν
364 1498 417 1565 ἐπὶ
440 1501 481 1564 τά
504 1499 566 1565 δύο
591 1509 708 1584 σημεῖα
734 1497 1013 1583 έπιζευγνυμένην
1036 1498 1174 1565 εὐθεῖαν

158 1605 338 1692 εὑρίσκειν·
370 1606 453 1690 αὕτη
485 1608 548 1692 γάρ
582 1606 734 1692 ἐλαχίστη
767 1604 857 1671 ἐστὶν
887 1617 1004 1671 πασῶν
1034 1616 1101 1670 τῶν
1132 1607 1173 1670 τά

157 1712 241 1777 αὐτά
258 1711 384 1799 πέρατα
407 1712 555 1798 ἐχουσῶν
577 1724 738 1799 γραμμῶν
764 1710 962 1799 (Archimed.
985 1712 1024 1776 de
1047 1711 1118 1796 sph.
1141 1715 1173 1775 et

157 1816 255 1901 ογ1.Ι
277 1823 360 1903 post.
381 1819 398 1882 1
423 1824 446 1884 t.
465 1826 480 1884 Ι
503 1843 534 1904 p.
553 1820 583 1904 8,
602 1820 645 1884 23
663 1817 782 1906 Heib.).
820 1814 889 1885 είτα
912 1819 993 1884 ὅταν
1015 1817 1052 1883 ἐν
1069 1819 1172 1903 ταύτη
1187 1835 1216 1875 15

157 1933 196 2010 τῇ
218 1924 392 2011 ὁρισθείση
412 1924 534 2012 ἐμπέση
553 1926 627 2010 <τι>
645 1937 713 1990 τῶν
731 1922 914 2011 ἐἰρημένων
933 1925 1076 2007 ἀτόπων,
1098 1926 1173 1989 τότε

158 2028 265 2097 ἐκεῖνο
289 2030 497 2116 ἐκνεύσομεν.

220 2141 243 2214 ζ.
262 2135 342 2202 Ἀπὸ
361 2148 421 2204 τοῦ
441 2137 602 2214 δοθέντος
621 2141 759 2223 σημείου
778 2135 831 2203 ἐπὶ
849 2139 886 2203 τὸ
906 2134 1012 2204 δοθέν
1026 2147 1173 2221 σημείου,

67 2271 85 2305 τ,
100 2260 140 2299 τοι
159 2240 354 2328 ἀθεώρητον
375 2243 537 2328 ὑπάρχον,
565 2243 703 2309 εύθείαυ
730 2242 892 2324 ἐπιζεῦξαι
920 2244 977 2308 διδ
1005 2246 1173 2329 διόπτρας,

156 2347 274 2432 ἡλίκον
301 2346 343 2412 άν
365 2341 387 2436 ᾖ
409 2350 446 2414 τὸ
470 2348 590 2434 μεταξὺ
613 2360 681 2414 τῶν
704 2353 849 2435 σημείων
872 2351 1043 2434 διάστημα.
1089 2353 1172 2415 ἔστω
1187 2367 1213 2407 20

157 2456 220 2541 γάρ
245 2452 391 2521 δοθέντα
414 2456 476 2520 δύο
504 2458 684 2540 σημεῖατὰ
708 2462 750 2539 Α,
773 2461 811 2542 Β,
840 2455 895 2521 καὶ
917 2457 1172 2522 κατεσκευάσθω

156 2560 176 2644 ἡ
201 2562 341 2648 διόπτρα
363 2561 383 2645 ἡ
411 2560 579 2646 δυναμένη
608 2561 745 2628 ἐπίπεδα
774 2564 858 2648 πρὸς
884 2563 991 2650 ὀρθάς
1018 2561 1174 2646 άλλὴλοις

157 2667 354 2752 διοπτεύειν,
381 2665 436 2732 καὶ
458 2670 583 2733 κείσθω
607 2669 691 2754 πρὸς
713 2675 759 2754 τῷ
783 2673 827 2732 Α·
857 2666 913 2760 καὶ
941 2669 1092 2753 είλὴφθω
1116 2670 1174 2733 διὰ

156 2782 214 2856 τῆς
236 2775 396 2861 διόπτρας
419 2773 456 2838 ἐν
479 2783 524 2862 τῷ
543 2773 686 2862 ἐπιπέδῳ
711 2773 827 2840 εὐθεῖα
850 2774 870 2858 ἡ
894 2777 966 2859 ΑΓ,
988 2774 1109 2859 ἡλίκην
1131 2774 1174 2840 άν

156 2879 356 2964 βουλώμεθα
388 2889 435 2967 τῷ
466 2879 610 2965 μεγέθει.
662 2877 717 2945 καὶ
747 2883 953 2964 μετακείσθω
983 2880 1003 2964 ἡ
1032 2882 1174 2966 διόπτρα
1187 2899 1214 2938 2⁵

156 2985 260 3071 <πρὸς
278 2994 324 3074 τῷ
344 2989 381 3068 Γ,
400 2983 455 3052 καὶ
474 2996 513 3073 τῇ
531 2989 596 3052 ΑΓ
608 2987 693 3073 πρὸς
711 2985 818 3073 ὀρθάς
836 2989 930 3071 ἤχθω
949 2986 970 3070 ἡ
987 2990 1058 3070 ΓΛ,
1076 2987 1173 3071 ἡλίκη
1300 2977 1304 2984 ’

157 3090 200 3156 άν
223 3083 244 3178 ᾖ
267 3100 313 3178 τῷ
336 3091 480 3176 μεγέθει.
522 3090 577 3158 καὶ
601 3092 724 3177 ὁμοίως
746 3096 953 3177 μετακείσθω
971 3093 992 3177 ἡ
1011 3093 1175 3179 διόπτρα)

50 3204 140 3247 πλευ
158 3199 242 3283 πρὸς
283 3206 329 3285 τῷ
368 3203 416 3282 Δ,
457 3197 512 3264 καὶ
553 3207 592 3284 τῇ
632 3201 698 3263 ΓΔ
733 3199 816 3284 πρὸς
851 3198 958 3285 ὀρθάς
996 3197 1000 3286 ἡ
1038 3198 1058 3282 ἡ
1095 3204 1173 3281 ΔΕ,

39 3697 105 3716 ³

157 3303 253 3387 ἡλίκη
286 3302 329 3369 δν
360 3295 382 3390 ᾖ
413 3311 460 3391 τῷ
491 3303 635 3388 μεγέθει.
689 3302 744 3369 καὶ
780 3304 883 3369 πάλιν
916 3309 1122 3388 μετακείσθω
1152 3305 1173 3389 ἡ

230 3466 243 3514 1
262 3459 404 3587 [ww
414 3459 452 3514 Vi
524 3466 540 3516 8
555 3462 640 3586 αύτἍς
654 3459 721 3516 ούδδ
737 3457 777 3515 δι’
788 3454 833 3526 ἡςι
849 3475 917 3514 corr.
928 3458 965 3514 Vi
1028 3467 1052 3543 ,7
1067 3465 1175 3517 θειοει-

152 3534 229 3596 δειςε
245 3549 313 3588 corr.
350 3551 360 3586 1
402 3529 485 3588 τόποι
497 3531 516 3589 f.
527 3532 610 3588 delen
630 3550 678 3586 um
728 3529 913 3594 θτοιούτουςε
928 3548 1036 3587 corten
1078 3533 1176 3588 εκνεύ-
