2642 3872
173 179 237 243 298
306 180 456 233 ΗΡΩΝΟΣ
474 177 739 239 ΔΛΕΞΑΝΔΡΕΩΣ
757 184 844 234 ΠΕΡΙ
861 183 1043 235 ΔΙΟΠΤΡΑΣ

172 340 277 428 ἡμέρα
299 340 487 426 δυναμένην
506 342 702 422 ἐξανύεσδαι
719 342 784 408 ὑπὸ
802 352 862 408 τοῦ
881 343 1053 428 ὀχήματος·
1077 343 1179 407 δυνα-

172 449 232 513 τὸν
263 449 326 534 γάρ
358 447 433 513 καθ’
467 447 606 533 ἑκάστην
635 448 761 535 ἡμέραν
787 448 1006 535 ἐκμετροῦντα
1033 449 1093 532 τήν
1120 458 1179 532 τῆς

172 552 295 639 ἡμέρας
321 553 402 620 ὁδὸν
429 557 476 632 εἰς
500 556 562 638 τήν
585 554 657 638 ἑξῆς
678 556 779 622 πάλιν
802 554 907 642 άρχήν
929 562 1097 620 ποιεῖσθαι
1120 563 1179 638 τῆς

174 657 246 743 ἑξῆς
268 659 359 726 ὀδοῦ.
404 658 474 727 ἀλλ’
503 659 572 727 ἐπεὶ
594 661 614 745 ἡ
639 660 777 727 ἑκάστου
803 664 939 746 κοχλίου
967 663 1093 747 στροφή
1116 661 1180 726 ούκ

174 765 317 852 ἀκριβῶς
339 763 419 833 ούδέ
440 767 687 854 μεμετρημένως
705 770 783 845 τοὺς
805 767 1063 854 παρακειμένους
1081 768 1180 833 ὀδόν·
1210 788 1225 828 5

173 895 231 949 τας
254 872 397 960 στρέφει,
420 875 513 960 ἡμεῖς
534 883 574 962 τῇ
595 878 694 962 πείρᾳ
707 874 946 961 ἐπιστρέφομεν
965 875 1025 940 τὸν
1046 885 1181 961 πρῶτον

173 983 325 1063 κοχλίαν,
356 978 417 1058 ἕως
446 976 487 1046 οὗ
522 983 559 1046 τὸ
591 986 831 1067 παρακείμενον
866 983 955 1070 αύτχῶ
991 981 1181 1047 ὀδοντωτδν

81 1116 103 1154 ι».
116 1108 156 1149 ωε
173 1085 345 1170 τύμπανον
363 1093 442 1172 μίαν
460 1087 724 1154 ἀποκατάστασιν
746 1089 840 1174 λάρη,
857 1097 1053 1174 μετροῦντες
1067 1087 1181 1165 ὁσάκις

69 1212 159 1257 ωιτν
175 1192 274 1269 αὐτὸς
297 1192 531 1281 ἐπιστρέφεται.
568 1193 634 1278 καὶ,
653 1196 682 1260 εί
702 1196 806 1279 τύχοι,
829 1194 988 1279 εἰληφέτω
1008 1195 1013 1279 Ι
1034 1197 1181 1281 στροφάς

174 1325 209 1384 κ,
233 1299 270 1365 ἐν
293 1291 319 1388 ᾧ
345 1301 382 1365 τὸ
410 1305 651 1386 παρακείμενον
679 1302 768 1389 αύτῷ
796 1301 970 1385 τύμπανον
996 1305 1077 1386 μίαν
1099 1300 1180 1366 άπο-
1194 1322 1225 1362 1⁰

174 1407 373 1472 κατάστασιν
391 1409 562 1492 λαμβάνει·
581 1404 733 1474 τοῦτοδὲ
752 1403 839 1492 εἶχεν
856 1407 995 1485 ὀδόντας
1013 1413 1045 1474 λ·
1064 1409 1098 1472 αλ
1117 1408 1181 1492 άρα

175 1538 195 1578 κ
209 1511 350 1599 στροφαὶ
363 1523 423 1578 τοῦ
438 1519 647 1580 σκυταλωτοῦ
661 1515 862 1599 τυμπάνουλ
877 1514 1016 1591 ὀδόντας
1026 1514 1181 1598 ἐκίνησαν

174 1628 235 1685 τοῦ
248 1619 489 1705 παρακειμένου
502 1630 549 1708 τῷ
562 1625 678 1707 κοχλίηι
690 1622 875 1707 τυμπάνου·
894 1621 928 1685 αλ
945 1617 982 1686 δὲ
999 1645 1020 1686 κ
1039 1618 1181 1705 στροφαὶ

176 1728 334 1793 σκυτάλια
348 1725 603 1814 ἐπιστρέφουσιν
617 1726 668 1814 ρξ’
690 1737 846 1794 τοσαῦται
862 1723 899 1792 δὲ
916 1726 1045 1793 καὶτοῦ
1059 1735 1181 1813 τροχοῦ

176 1831 240 1898 είσλ
271 1836 426 1919 στροφαί·
458 1837 608 1917 γίνονται
640 1836 704 1920 άρα
729 1836 842 1919 πήχεις
869 1859 928 1922 ,αχ
974 1836 1003 1899 εἰ
1036 1830 1072 1898 δέ
1100 1834 1132 1898 ολ
1159 1838 1221 1898 λετ

176 1940 310 2016 ὀδόντες
341 1940 527 2023 μηνύουσιν
557 1942 671 2026 πήχεις
702 1965 768 2028 ,αχ,
799 1941 817 2007 δ
850 1943 914 2027 άρα
946 1965 966 2005 α
994 1940 1095 2016 ὀδοὺς
1120 1949 1181 2005 τοῦ

176 2046 351 2132 εἰρημένου
374 2050 560 2132 τυμπανίου
583 2051 734 2132 σημαίνει
757 2057 814 2131 τῆς
836 2047 919 2114 ὁδοῦ
941 2050 1055 2132 πήχεις
1077 2071 1120 2130 νγ
1138 2044 1181 2130 γ’.

177 2152 256 2217 ὅταν
279 2154 343 2238 άρα
365 2150 549 2238 άρξάμενον
566 2155 603 2219 τὸ
622 2154 809 2220 ὀδοντωτὸν
825 2161 992 2219 κινεῖσθαι
1009 2154 1182 2237 τύμπανον

176 2258 301 2346 εὑρεθῇ
322 2259 536 2344 κεκινημένον
559 2260 697 2337 ὀδόντας
721 2285 764 2345 ιε,
787 2265 938 2345 σημαίνει
965 2259 1046 2325 ὁδὸν
1068 2269 1182 2342 πηχῶν

178 2387 214 2448 ω,
236 2363 384 2430 τουτέστι
404 2366 520 2430 στάδια
538 2367 608 2431 δύο.
645 2365 869 2452 ἐπιγράψομεν
888 2361 950 2432 οὖν
971 2364 1113 2453 ἐνμέσῳ
1135 2373 1181 2452 τῷ
1195 2385 1222 2424 ευ

177 2469 337 2559 εἰρημένω
369 2470 541 2559 ὀδοντωτῷ
576 2473 734 2560 τυμπάνῳ
772 2476 886 2556 πήχεις
920 2496 963 2556 νγ
994 2469 1042 2554 γ’·
1073 2473 1114 2537 τὰ
1146 2467 1182 2535 δέ

177 2576 261 2642 αύτδι
287 2576 552 2661 ἐπιλογισάμενοι
579 2577 634 2643 καὶ
662 2577 715 2643 ἐπὶ
741 2590 808 2644 τῶν
835 2584 962 2645 λοιπῶν
988 2578 1183 2643 ὀδοντωτῶν

177 2688 370 2769 τυμπανίων
392 2683 616 2770 ἐπιγράψομεν
639 2687 717 2762 τοὺς
740 2685 917 2772 ἀριθμούς·
940 2687 1023 2750 ὥστε
1044 2683 1183 2749 ἑκάστου

178 2790 288 2856 αὐτῶν
323 2791 563 2877 παραχθέντων
596 2804 698 2858 τινῶν
732 2793 880 2858 ὀδόντων
912 2791 1091 2874 ἐπιγνῶναι
1121 2791 1183 2873 τήν

178 2895 417 2975 ἐξαυυσθεῖσαν
436 2897 524 2963 ὁδόν.
570 2900 626 2964 ἵνα
649 2895 686 2964 δέ
708 2899 767 2983 μή,
790 2899 869 2965 ὅταν
891 2899 1091 2982 βουλώμεθα
1114 2897 1183 2962 ἐπι-
1198 2915 1222 2957 ετ

178 3003 363 3082 σκέψασθαι
386 3006 422 3069 τὸ
446 3014 548 3089 μῆκος
570 3015 627 3089 τῆς
650 3005 749 3089 ὀδοῦ,
773 3004 963 3087 ἀνοίγοντες
985 3004 1022 3068 τὸ
1045 3004 1184 3087 κιβωτό-

178 3135 253 3197 ριον
286 3110 513 3195 ἐπισκοπῶμεν
543 3115 621 3189 τοὺς
658 3111 795 3177 ἑκάστου
826 3111 999 3196 τυμπάνου
1035 3110 1184 3193 ὀδόντας,

178 3215 329 3302 δείξομεν
365 3219 409 3295 ὡς
445 3219 590 3284 δυνατὸν
627 3220 684 3284 διά
719 3227 776 3301 τής
813 3216 951 3284 ἑκάστου
984 3219 1184 3303 κιβωταρίου

250 3387 411 3462 9έπιτύχοι
470 3397 502 3446 11
514 3391 658 3519 ’λαμφάνει
717 3398 750 3447 12
770 3388 878 3463 ἐκείνης
896 3391 932 3446 διν
990 3395 1022 3444 17
1042 3377 1138 3444 N‘FE
1153 3410 1184 3461 γε

179 3464 229 3518 sed
247 3463 350 3548 ys—del.
365 3483 400 3518 m.
417 3470 431 3518 1
506 3468 538 3518 18
556 3485 572 3519 τ
589 3485 606 3520 ν
625 3465 780 3521 οδοντωτδν
846 3469 949 3518 20-21
969 3470 1018 3517 τοῦ
1037 3457 1184 3530 εἰρημένου

216 3559 248 3606 21
269 3555 301 3606 Ν
304 3555 366 3607 ΓΕ
437 3557 471 3607 22
491 3547 537 3607 ἐπὶ
555 3561 611 3609 τῶν
628 3552 795 3608 λοιοδόντων
