2654 3868
160 258 225 322 246
295 260 444 312 ΗΡΩΝΟΣ
463 259 730 318 mmmm
748 259 835 312 ΠΕΡΙ
853 261 1037 313 ΔΙΟΠΤΡΑΣ

159 420 354 507 βανομέυων
382 424 526 506 σημείων
557 421 577 504 ἡ
605 419 875 507 περιγραφομένη
904 423 1035 507 γραμμή
1061 421 1110 506 [ή]
1135 421 1172 486 έν

160 527 303 617 ἐπιπέδῳ
327 519 348 616 ᾗ
370 529 568 616 παραλλήλῳ
600 536 646 614 τῳ
677 528 829 614 ὁρίζοντι.
875 528 926 593 ὁτι
956 524 993 593 δέ
1020 528 1040 611 ή
1069 532 1172 592 ΒΘΑ

159 637 291 722 γραμμή
319 635 445 701 κύκλου
472 633 666 721 περιφέρειά
701 634 769 699 έστι
795 632 849 700 καὶ
872 635 970 719 ὁμοία
992 643 1031 720 τῇ
1056 637 1170 719 ΓΔΕ,

160 745 321 828 φανερόν·
353 753 459 818 κῶνος
486 742 549 827 γάρ
577 744 719 824 γίνεται,
752 736 792 806 οὗ
819 741 915 824 βάσις
944 736 1006 824 μέν
1029 739 1047 807 ὁ
1071 744 1173 806 ΓΔΕ

160 849 295 932 κύκλος,
324 849 456 934 κορυφή
484 843 522 913 δὲ
548 848 590 912 τὸ.
611 851 639 911 Ζ
662 859 812 931 σημεῖον,
841 844 983 932 πλευραὶ
1006 842 1044 911 δέ
1066 847 1170 913 αὐτοῦ
1200 865 1212 904 ⁵

160 957 198 1020 αί
217 955 280 1021 άπὸ
303 963 364 1021 τοῦ
387 959 415 1019 Ζ
438 957 575 1038 σημείου
597 958 863 1039 προσπίπτουσαι
885 953 968 1038 πρὸς
990 954 1052 1037 τήν
1071 956 1174 1018 ΓΔΕ

159 1060 382 1147 περιφέρειαν.
435 1059 490 1125 καί
526 1058 677 1144 τέμνεται
715 1058 857 1147 ἐπιπέδῳ
895 1063 1094 1148 παραλλήλῳ
1132 1071 1170 1146 τῇ

159 1169 268 1252 βάσει,
305 1176 351 1255 τῷ
385 1167 422 1232 έν
449 1157 476 1254 ᾦ
504 1166 572 1232 έστι
600 1169 640 1232 τὰ
668 1172 714 1250 Α,
738 1170 767 1231 Β
795 1176 925 1250 σημεῖα,
953 1165 1008 1231 καλ
1030 1165 1171 1253 πλευραὶ

160 1275 264 1341 αὐτοῦ
295 1273 382 1340 ελσλν
413 1275 448 1339 αλ
481 1276 592 1356 ΖΓΒ,
626 1277 737 1338 ΖΕΑ·
770 1272 789 1356 ἡ
819 1273 891 1358 άρα-
909 1276 1011 1337 ΒΘΑ
1038 1274 1171 1359 γραμμή

159 1382 284 1447 κύκλου
302 1384 429 1464 γίνεται
446 1379 641 1466 περιφέρεια
660 1377 716 1445 καὶ
734 1379 832 1463 ὁμοία
855 1389 893 1465 τῇ
913 1382 979 1444 ΓΔ
984 1384 1022 1444 E.
1049 1379 1172 1464 ὁμοίως
1187 1399 1214 1436 10

160 1486 200 1553 δέ
211 1487 270 1553 έδιν
287 1489 488 1572 βουλώμεθα
505 1488 567 1571 τήν
579 1484 873 1572 περιγραφομένην
888 1486 932 1570 μή
947 1481 1032 1551 εἶναι
1046 1486 1172 1552 κύκλου

159 1592 386 1680 περιφέρειαν,
414 1593 498 1660 ἀλλδι
526 1593 714 1677 ἐλλείψεως,
742 1591 840 1676 ήκαλ
871 1593 953 1676 ὁλην
976 1595 1124 1688 ἔλλειψιν
1151 1592 1171 1676 ή

159 1698 214 1764 καλ
241 1702 435 1787 παραβολήν
461 1700 481 1785 ή
509 1701 699 1786 ὑπερβολήν
726 1699 746 1784 ή
775 1701 880 1783 άλλην
906 1700 981 1764 τινά
1007 1699 1171 1785 γραμμήν,

159 1809 340 1891 ποιήσομεν
363 1805 482 1893 ὁμοίαν
505 1806 587 1893 αὐτή
611 1806 648 1872 έκ
671 1808 818 1884 σανίδος·
845 1803 900 1872 καὶ
924 1803 1172 1892 ε’φαρμόσαντες
1270 1809 1277 1816 ’

160 1911 214 1978 ἐπὶ
237 1914 274 1978 τὸ
298 1917 364 1979 ΓΔ
391 1915 577 1999 τύμπανον,
605 1915 688 1979 ὥστε
717 1909 866 1998 συμφυὲς
895 1912 984 2000 αὐτῷ
1003 1910 1172 1995 γενέσθαι,
1187 1930 1212 1970 1⁵

157 2019 331 2105 ὑπερέχειν
355 2018 437 2105 <δὸ>
461 2022 508 2098 είς
530 2022 566 2086 τὸ
586 2019 679 2097 ἐκτὸς
701 2029 762 2085 τοῦ
780 2021 954 2105 τυμπάνου
977 2021 1038 2103 τήν
1062 2018 1096 2084 έκ
1115 2028 1172 2102 τῆς

159 2128 294 2204 σανίδος
325 2134 586 2214 περιτμηθεῖσαν
612 2128 781 2213 γραμμήν,
808 2129 849 2192 τὰ
878 2126 961 2191 αὐτὰ
989 2128 1171 2210 ποιήσομεν

158 2243 228 2309 τοῖς
252 2231 305 2298 έπλ
328 2243 385 2318 τῆς
404 2237 507 2299 ΓΔΕ
522 2237 734 2319 περιφερείας
755 2231 947 2320 εἰρημένοις.
985 2232 1089 2309 οὕτως
1107 2225 1171 2298 οὖν

158 2340 245 2426 πάση
273 2349 311 2426 τῇ
340 2342 479 2427 δοθείση
507 2350 639 2426 γραμμή
668 2337 787 2423 ὁμοίαν
809 2339 1066 2426 περιγράψομεν,
1112 2337 1171 2403 έδιν

159 2442 196 2511 δὲ
227 2446 428 2531 βουλώμεθα
460 2447 521 2530 τήν
552 2444 846 2533 περιγραφομένου
877 2447 1031 2532 γραμμήν
1063 2445 1106 2528 μή
1134 2443 1171 2509 έν
1186 2462 1213 2500 2⁰

158 2559 205 2639 τῳ
228 2551 343 2637 έδάφει
362 2554 553 2640 γράφεσθαι
570 2554 769 2639 παραλλήλῳ
789 2560 834 2639 τῳ
858 2552 1013 2638 ὁριξοντι,
1037 2549 1107 2617 ἀλλ’
1135 2550 1173 2615 έν

67 2685 89 2722 ο.
104 2675 143 2718 εει
163 2657 261 2747 ἑτέρῳ
281 2658 434 2748 ἐπιπέδῳ,
453 2661 699 2744 καταστήσομεν
717 2659 754 2723 τὸ
773 2659 946 2743 τύμπανον
959 2658 1172 2744 παράλληλον

160 2773 206 2853 τῳ
228 2765 381 2854 ἐπιπέδῳ,
405 2766 442 2832 έν
462 2757 488 2854 ᾧ
506 2765 617 2851 μέλλει
636 2767 826 2852 γράφεσθαι
844 2764 864 2849 ἡ
884 2769 1031 2851 γραμμή,
1054 2762 1109 2830 καλ
1132 2761 1172 2829 τά

160 2872 243 2937 αύτδι
274 2876 469 2958 ποιήσομεν·
502 2875 604 2939 πάλιν
636 2874 700 2959 γάρ
732 2875 860 2955 γίνεται
891 2883 996 2948 κῶνος
1028 2865 1171 2959 ἐπιπέδῳ

159 2980 358 3063 τεμνόμενος
385 2987 431 3066 τῷ
460 2980 497 3045 έν
525 2971 552 3067 ᾧ
581 2977 671 3044 ἐστὶν
699 2977 719 3062 ἡ
744 2980 876 3064 γραμμή
899 2979 1109 3064 παράλληλος
1131 2985 1171 3064 τῇ
1186 2994 1211 3034 2⁵

160 3086 262 3169 βάσει.
317 3083 439 3170 ὁμοίως
475 3085 529 3152 καί
566 3084 719 3172 γέφυραν
754 3084 1010 3169 περιγράψομεν.
1065 3083 1101 3147 τὸ
1135 3079 1173 3147 δὲ

159 3192 332 3277 τύμπανον
354 3194 392 3258 τὸ
417 3196 517 3258 ΓΔΖ
540 3195 785 3277 καταστήσομεν
814 3187 869 3255 καλ
892 3190 1104 3276 παράλληλον
1127 3197 1173 3278 τῷ

233 3420 414 3491 1ήδε1οτί
477 3422 693 3492 2παράλληλοςι
709 3417 816 3473 correxi
877 3423 941 3486 8τή
956 3413 1022 3472 ἒνῶ
1084 3421 1173 3470 9-10

75 3550 121 3557 Α
160 3512 253 3563 γραμμ
324 3495 432 3562 γίνεται
488 3500 520 3548 14
537 3493 645 3561 ποιήσω
664 3510 714 3562 μεν
770 3485 985 3559 έφαρμάσαντες
1040 3491 1072 3540 17
1089 3485 1172 3554 ποιή-

171 3581 251 3633 Ὺομευ
324 3570 358 3617 20
382 3565 543 3638 βονλομεθα
615 3569 648 3617 22
672 3577 886 3629 καταστησωμεν
959 3563 993 3611 24
1011 3575 1172 3628 ποιήσωμεν

199 3640 230 3688 δῦ
248 3633 267 3689 f.
282 3635 448 3709 παραλλήλῳ
521 3642 554 3689 26
572 3655 638 3704 περι
655 3647 800 3704 γραφομεν
