2606 3868
127 119 180 174 XX
497 121 775 176 PROIAEGOMENA.

128 309 147 348 a
170 287 428 347 commentationis
452 285 615 362 dioptricae
631 287 776 362 oonsilio,
802 307 906 347 verum
930 287 1021 347 etiam
1042 305 1141 347 neees-

128 377 208 437 saria
237 376 300 435 eiua
324 395 386 435 esse
410 376 631 452 supplementa,
660 377 771 452 quippe
795 376 905 453 quibus
928 377 1064 436 difficiles
1087 377 1141 436 ali·

129 468 204 542 quot
226 464 493 524 demonstrationes
515 465 755 539 mathematicae,
779 484 905 541 quarum
927 466 959 524 111
982 466 1141 542 superiori·

127 554 183 614 bus
206 554 354 630 capitibus
376 555 489 612 mentio
512 553 594 612 facta
617 553 664 627 sit,
688 554 904 614 contineantir.

195 643 238 702 Ut
262 644 335 701 haec
357 642 480 717 iniuria,
507 642 552 700 ita
575 660 623 716 eo,
651 643 784 718 quaein
807 643 905 718 eapite
928 643 1069 702 XXXVII
1093 664 1140 702 ex-

127 734 296 810 ponuntur,
327 731 433 790 merito
465 730 705 806 interpolationis
737 732 936 807 suspicionem
967 736 1140 808 moverunt3

128 840 199 880 nam
217 822 282 880 toto
301 838 408 898 genere
427 820 525 879 aliena
544 823 652 879 sunta
671 821 894 896 quaestionibus
913 821 1065 897 dioptricis
1085 823 1141 881 eis·

129 930 186 986 que
209 929 246 968 ne
266 909 390 968 minima
409 909 530 984 quidem
548 909 690 968 societate
710 910 941 988 coniunguntur.
984 909 1042 969 Sed
1061 911 1142 987 quod

127 999 317 1058 Hermannus
340 997 423 1057 Diels
431 990 456 1080 1)
483 999 686 1075 fragmentum
713 998 801 1075 illud,
828 1000 908 1075 quod
935 1001 1027 1058 etiam
1053 999 1140 1061 initio

127 1087 366 1146 Meohanieorum
383 1087 510 1146 Heronis
534 1078 686 1163 legiturl),
708 1087 741 1145 in
758 1090 878 1147 vetusto
897 1089 999 1164 aliquo
1019 1108 1141 1165 eorpore

128 1175 412 1235 commentationum
443 1176 681 1237 Heronianarum
714 1176 845 1234 modium
876 1177 955 1237 inter
985 1177 1142 1253 Dioptn‘ca

129 1268 159 1324 et
177 1265 347 1324 Meohanioa
366 1265 464 1323 locum
482 1265 644 1324 obtinuisse
664 1264 701 1324 ob
716 1284 838 1341 eamque
851 1285 915 1325 rem
927 1267 1141 1342 posterioribus

127 1354 310 1431 temporibus
336 1356 403 1411 tum
429 1373 489 1412 una
516 1372 584 1412 cum
611 1356 858 1413 commentatione
886 1355 1045 1430 dioptrica,
1076 1358 1141 1414 tum

128 1463 188 1502 una
211 1463 279 1503 cum
301 1443 481 1501 Meohanieis
504 1462 557 1519 per
579 1442 670 1502 libros
687 1463 779 1500 manu
798 1445 923 1519 scriptos
941 1447 1140 1521 propagatum

129 1551 190 1593 esse
222 1532 390 1609 suspicatus
421 1535 478 1607 est,
510 1550 613 1591 vereor
639 1549 676 1589 ne
704 1532 777 1590 baec
805 1532 938 1606 opinatio
965 1534 997 1590 in
1025 1533 1140 1592 lubrico

128 1625 269 1682 versetur.
314 1619 436 1680 Etenim
462 1622 494 1678 in
521 1623 639 1680 vetusto
663 1619 762 1679 codice
784 1619 935 1680 Parisiaeo
957 1612 1069 1701 (suppl.
1090 1620 1140 1681 Gr.

127 1703 260 1792 110607)
289 1712 379 1786 eaput
405 1709 481 1768 illud
504 1708 645 1768 XXXVII
672 1728 732 1768 non
760 1712 889 1768 extremo
912 1710 1040 1769 Heronis
1063 1710 1141 1769 libro

130 1799 304 1859 adiunctum
340 1799 501 1875 reperitur,
538 1799 590 1858 sed
622 1799 814 1858 continuatur
845 1817 880 1858 eo
913 1800 1024 1875 eapite,
1061 1800 1141 1874 quod

128 1907 206 1947 nuno
232 1891 277 1947 est
299 1888 418 1963 XXXV,
445 1889 478 1947 in
499 1887 652 1948 Vincentii
674 1892 774 1948 autem
798 1887 926 1947 editione
950 1889 1072 1948 editoris
1094 1888 1140 1946 iu-

129 1977 207 2035 dicio
231 1975 412 2051 arbitrioque
435 1977 548 2036 fectum
567 1980 621 2050 est,
643 1979 679 2035 ut
698 1980 789 2053 eaput
806 1977 882 2036 illud
901 1996 935 2037 eo
954 1977 1028 2052 loco,
1053 1996 1141 2053 quem

127 2065 160 2124 in
179 2063 330 2125 codicibus
348 2067 439 2139 tenet,
457 2068 638 2124 moveretur:
659 2084 733 2139 quae
751 2083 798 2123 res
817 2065 996 2125 subobscure
1011 2066 1140 2141 quidem,

129 2153 181 2214 sed
212 2154 344 2212 indicata
376 2156 477 2212 tamen
506 2156 551 2212 est
577 2173 605 2229 p.
631 2155 704 2213 319.
753 2153 860 2229 Itaque
887 2155 1058 2213 coniectura
1085 2155 1140 2214 illa

129 2261 199 2302 sane
228 2242 361 2317 speciosa
383 2241 457 2300 mihi
479 2241 665 2317 reprobanda
689 2259 751 2300 esse
774 2241 906 2322 videtur3
933 2245 1141 2320 nequeenim,

130 2334 277 2408 quantum
300 2349 354 2408 ego
378 2330 547 2389 existimare
565 2348 694 2406 possum,
718 2333 832 2390 certum
850 2335 970 2406 praesto
990 2335 1036 2390 est
1053 2351 1141 2410 argu·

128 2423 275 2496 mentum,
308 2437 366 2495 quo
396 2417 550 2478 evincatur
577 2421 668 2495 eaput
694 2418 836 2477 XXXVII
863 2419 900 2478 ab
928 2419 1141 2497 interpolatore

130 2513 278 2569 extremae
312 2508 441 2569 Heronis
478 2509 720 2568 commentationi
758 2508 941 2584 adscriptum
976 2510 1069 2570 fuisse
1105 2528 1141 2570 ac

129 2601 234 2675 postea
257 2598 376 2656 demum
399 2597 461 2658 sive
485 2596 665 2656 membranis
683 2597 816 2657 traiectis
836 2599 897 2658 sive
917 2599 976 2657 alia
996 2599 1031 2658 de
1050 2618 1141 2658 eausa

130 2688 228 2747 sedem
252 2690 390 2746 mutasse.

195 2777 375 2854 Figuramm
401 2777 648 2853 geometricorum
671 2808 713 2817 —
737 2778 771 2834 ut
797 2776 854 2835 hoe
882 2777 990 2836 addam
1015 2810 1056 2818 -
1081 2776 1141 2838 alia

130 2866 230 2924 estin
253 2866 350 2942 priore
374 2867 464 2941 atque
488 2865 519 2922 in
542 2865 637 2924 altero
654 2865 782 2924 Heronis
806 2865 916 2941 scripto
934 2867 1021 2924 ratio.
1062 2866 1141 2924 Nam

130 2972 198 3012 cum
229 2954 380 3013 rationum
411 2952 585 3012 dimetiendi
615 2953 706 3014 libros
739 2953 770 3011 in
802 2954 901 3013 codice
932 2953 1140 3013 Constantino·

129 3043 264 3119 politano
295 3041 399 3120 figuris
427 3042 585 3120 diligenter
612 3043 701 3118 pictis
729 3041 883 3102 distinctos
911 3042 1055 3115 viderem,
1086 3043 1140 3101 has

130 3133 210 3208 ipsas
234 3131 425 3191 delineandas
445 3131 560 3206 curavi3
583 3131 745 3208 dioptricae
765 3132 865 3189 autem
884 3129 1140 3190 commentationis

203 3359 228 3424 1)
247 3353 381 3411 Detecto
400 3353 662 3425 Linaatheitwnp
681 3358 759 3422 1895,
777 3358 821 3407 44.

202 3430 228 3498 2)
248 3426 333 3482 Carra
356 3424 390 3479 de
408 3425 502 3494 Vaux‚
526 3426 578 3480 Les
596 3424 776 3493 Mecaniques
800 3423 921 3478 d'Heron
943 3423 1140 3479 d'Alexandrie

172 3506 206 3554 39
217 3517 271 3569 sq.;
290 3495 443 3567 11111111,
460 3503 474 3551 1
493 3515 521 3568 p.
536 3496 625 3552 XXIII
644 3498 673 3552 et
690 3503 715 3551 2.
