2606 3868
181 155 245 210 XVI
546 157 824 210 PROLEGOMENA.

181 324 299 383 videtur
326 323 447 382 calcidis
475 322 627 382 subductis
655 322 700 381 ita
727 323 844 381 definiri
870 338 971 398 posse,
1002 323 1053 382 rix
1080 326 1115 382 ut
1142 324 1194 382 ad·
1293 349 1294 358 ¹

181 411 319 471 dubitare
342 412 439 470 liceat.
481 412 560 470 Nam
583 429 651 470 cum
673 414 706 470 et
724 413 839 470 ceterae
857 411 947 470 huius
966 412 1074 471 codicis
1092 415 1194 488 partes

182 501 426 577 quaternionibus
450 501 643 560 absolvantur
666 503 696 559 et
718 501 811 576 ipsius
834 501 1091 561 commentationis
1110 501 1194 576 diop-

181 591 274 648 tricae
300 591 389 666 longe
416 590 546 648 maxima
573 607 642 666 pars
670 589 702 647 in
729 589 976 666 quaternionibus
1000 593 1121 649 exarata
1144 591 1195 664 sit,
1295 595 1296 620 ¹

180 679 273 737 etiam
304 679 432 754 primam
459 679 523 737 eius
550 681 667 754 partem
693 679 726 736 in
753 679 870 756 integro
898 678 971 737 olim
997 679 1193 754 quaternione

173 763 326 844 ¹scriptam
348 767 440 826 fuisse
464 767 611 826 siminus
635 770 762 842 eertum,
790 770 822 826 66
844 767 907 827 reri
931 769 976 826 est
999 768 1194 826 simillimum.

181 857 248 915 Iam
271 875 340 915 cunr
362 876 456 932 neque
480 857 559 916 inter
581 856 654 915 folia
674 858 715 914 63
736 858 827 915 6664
846 874 942 932 noque
961 857 1131 916 6666666166
1151 859 1194 916 64

182 949 212 1004 66
240 947 281 1004 65
310 946 472 1021 quicquam
499 945 599 1004 deesse
631 945 842 1020 disputationis
870 945 1092 1005 continuatione
1120 945 1194 1004 satis

180 1034 413 1108 demonstretur,
437 1037 667 1094 consentaneum
690 1037 747 1110 est,
775 1036 810 1092 ut
832 1035 912 1093 inter
933 1034 1007 1093 folia
1031 1035 1071 1100 62
1096 1035 1127 1092 66
1150 1036 1192 1092 63
1295 1017 1296 1036 ³

181 1122 241 1182 duo
264 1123 503 1182 membranarum
525 1122 611 1199 paria
634 1123 818 1182 intercidisse
842 1125 1017 1182 statuamus.
1060 1121 1125 1192 Quo
1148 1123 1194 1197 fit,

179 1215 217 1270 ut
238 1212 375 1271 fasciculi
397 1212 479 1271 illius
503 1212 599 1270 forma
621 1212 798 1271 restituatur
820 1212 940 1270 haecce:

289 1366 1088 1408 assbcoassos

293 1423 1152 1859 Q.

246 1939 292 1998 Ex
329 1942 384 2000 hoo
421 1942 576 2002 decurtato
614 1943 713 2002 codice
749 1940 900 2002 Parisiaco
938 1941 999 2002 sive
1031 1943 1097 2017 ipse
1129 1939 1191 1998 sire

182 2028 362 2105 apographis
395 2033 493 2089 cetera
524 2032 660 2106 opusculi
687 2031 852 2090 Heroniani
882 2033 1016 2106 exempla
1044 2031 1192 2107 quotquot

178 2118 279 2176 ‘adhuc
300 2117 497 2177 innotuerunt
520 2120 620 2177 omnia
644 2137 706 2178 6666
726 2121 860 2178 derivata
877 2119 987 2178 indicio
1007 2122 1052 2178 666
1070 2118 1191 2196 perinde

182 2204 219 2266 ab
243 2205 378 2264 omnibus
402 2207 498 2265 relata
521 2207 628 2265 lacuna
651 2207 714 2282 6116,
737 2226 827 2283 quam
851 2211 995 2284 quattuor
1016 2208 1099 2266 illius
1123 2207 1193 2265 libri

182 2295 357 2354 schedarum
379 2295 496 2353 iactura
518 2288 964 2377 natamessedemonstravi.1)
1006 2293 1063 2364 Qui
1083 2295 1191 2371 quibus

182 2384 374 2445 successionis
397 2384 655 2461 corruptionisque
680 2385 767 2460 quasi
789 2384 929 2462 gradibus
949 2402 1011 2443 6666
1031 2384 1189 2460 excipiant,

180 2473 333 2549 explorare
369 2471 419 2531 vix
455 2473 577 2547 attinet3
614 2491 708 2550 neque
741 2474 820 2533 enim
851 2473 945 2532 ullam
977 2475 1094 2550 oportet
1127 2493 1189 2532 osse

179 2561 285 2620 horum
318 2563 541 2637 auctoritatem,
574 2581 640 2622 eum
671 2563 770 2621 aditus
803 2562 841 2621 ad
873 2582 1057 2624 communem
1087 2582 1190 2622 eorum

179 2651 293 2710 fontem
315 2649 462 2727 hodieque
484 2654 597 2727 pateat.
644 2652 721 2711 Sunt
744 2655 845 2710 autem
867 2653 923 2710 hi:

252 2823 278 2892 1)
296 2821 370 2875 Nam
392 2819 467 2890 quod
484 2839 510 2890 p.
527 2825 586 2890 196,
602 2828 617 2874 2
635 2821 666 2874 in
685 2819 744 2875 cod.
759 2819 845 2876 Paris.
865 2829 898 2874 n⁰
913 2827 963 2874 667
984 2839 1032 2890 στη
1053 2819 1189 2890 scriptum

180 2895 231 2961 est,
250 2893 280 2945 in
299 2892 398 2946 6666666
415 2894 559 2961 caussas,
577 2893 671 2962 potuit
684 2891 809 2961 profecto
823 2893 876 2946 hoc
890 2911 977 2946 unum
990 2891 1157 2946 vocabulum
1172 2908 1189 2944 a

181 2963 278 3032 quovis
305 2962 421 3018 librario
446 2963 606 3017 coniectura
630 2980 645 3017 6
668 2962 807 3017 consimili
829 2963 891 3017 loco
913 2983 940 3032 p.
961 2969 1026 3028 194,
1046 2968 1080 3016 25
1104 2962 1190 3015 ducta

180 3033 300 3088 restitui.
333 3034 370 3088 Et
387 3051 451 3089 vero
469 3034 576 3088 factum
594 3037 637 3088 est
650 3033 699 3088 ita.
733 3034 807 3088 Nam
822 3033 845 3086 si
860 3034 939 3088 aliud
951 3033 1034 3086 huius
1050 3049 1187 3086 commen·

179 3105 297 3159 tationis
312 3105 469 3174 exemplum
482 3105 568 3174 idque
582 3105 719 3174 integrius
730 3103 846 3158 librario
857 3103 900 3157 illi
911 3104 948 3158 ad
957 3120 1072 3156 manum
1080 3101 1189 3169 fuisset,

179 3177 305 3246 profecto
319 3179 410 3230 totam
423 3175 503 3230 illam
517 3193 590 3244 quae
602 3192 675 3229 nuno
686 3174 862 3230 desideratur
871 3172 1070 3244 disputationis
1080 3175 1190 3243 partem

180 3263 215 3302 ex
233 3263 266 3302 eo
284 3247 485 3302 transtulisset.
516 3247 605 3316 Atqui
623 3264 679 3301 non
697 3246 854 3302 transtulit:
873 3261 939 3315 ergo
955 3261 990 3299 ne
1005 3249 1061 3299 tres
1076 3243 1190 3314 quidem

180 3319 304 3388 syllabas
323 3318 393 3373 istas
412 3335 446 3372 ex
465 3318 521 3373 6166
539 3318 612 3373 libro
631 3318 757 3388 sumpsit,
778 3319 824 3372 sed
841 3319 875 3371 de
890 3335 939 3372 suo
955 3316 1073 3372 addidit.
1105 3315 1189 3370 Mitto

181 3390 238 3444 6166
261 3389 379 3458 indicia3
401 3392 455 3444 hoc
478 3389 551 3444 addo
574 3390 742 3444 recentiores
766 3391 875 3445 codices
899 3388 1076 3443 aParisiaco
1095 3407 1122 3443 n.
1137 3393 1187 3442 607

179 3461 222 3516 ita
237 3463 401 3532 discrepare,
416 3463 448 3516 ut
463 3461 663 3516 dissimilitudo
678 3465 739 3516 orta
754 3479 813 3516 esse
827 3461 916 3532 possit
928 3475 962 3515 ex
972 3458 1189 3516 describentium

180 3533 318 3590 erroribus
338 3537 423 3604 atque
442 3533 537 3602 aliquo
556 3529 643 3589 etiam
661 3533 830 3590 emendandi
848 3535 957 3588 conatu.
