2644 3870
197 198 240 262 90
362 201 512 252 ΗΡΩΝΟΣ
530 195 796 258 mamm
814 199 1000 252 ΜΕΤΡΙΚΩΝ
1017 202 1040 251 Α

196 359 371 446 εἰρημένου
393 361 518 427 κύκλου
541 359 609 427 ἐστὶ
631 360 788 445 μονάδων
809 383 856 435 κς.
901 362 937 426 τὸ
961 361 1026 446 άρα
1048 360 1206 446 ἐμβαδὸν,
1277 361 1279 366 ’

195 468 239 543 ὡς
261 471 464 553 προείρηται,
490 470 579 533 ἔσται
603 469 759 552 μονάδων
781 473 849 552 φλα
873 466 908 547 ζ’.
954 468 1117 533 τοσούτου
1140 468 1207 553 ἄρα

194 571 249 638 καὶ
272 573 292 656 ῆ
316 583 375 639 τοῦ
398 576 563 659 τμήματος
585 583 642 657 τῆς
665 576 808 659 σφαίρας
832 573 1013 658 ἐπιφάνεια.

252 678 333 745 Ὅσα
355 676 417 765 μέν
439 675 502 746 οὖν
524 675 567 764 ῆν
590 683 736 765 σχῆματα
758 678 966 765 τεταγμένων
991 679 1204 764 ἐπιφανειῶν,

194 784 364 871 αὐτάρκως
391 790 566 871 νομίζομεν
602 794 841 872 μεμετρῆσθαι,
878 786 1059 870 ἀναγκαῖον
1090 782 1127 850 δέ
1159 786 1205 863 ὡς
1233 805 1247 845 ⁵

86 909 126 952 fol.
139 887 285 977 ezr-olma
307 893 390 978 πρὸς
412 894 470 969 τάς
489 891 493 980 λ
514 892 674 969 ἀτάκτους
697 895 802 959 εἰπεῖν
825 893 1031 978 ἐπιφανείας,
1058 893 1103 969 ὡς
1125 891 1205 958 δέον

192 997 294 1075 αὐτάς
307 1007 509 1085 μετρεῖσθαι.
532 1002 561 1065 εί
580 996 642 1085 μὲν
660 995 723 1064 οὖν
741 999 916 1085 ἐπιφάνεια
930 998 1083 1076 ἐπίπεδός
1102 998 1204 1083 ἐστιν,

192 1101 264 1189 ῆδὲ
282 1104 479 1191 περιέχουσα
498 1105 601 1189 αὐτὴν
620 1107 751 1192 γραμμῆ
771 1107 909 1183 άτακτος
923 1105 1073 1192 ὑπάρχει,
1093 1108 1204 1191 δεῆσει

193 1210 241 1276 ἐπ’
272 1210 373 1295 αὐτῆς
400 1221 457 1295 τῆς
488 1220 638 1298 γραμμῆς
670 1215 784 1296 λαβεῖν
815 1213 890 1277 τινά
922 1222 1042 1297 συνεχῆ
1075 1223 1203 1297 σημεῖα,

193 1319 276 1382 ὥστε
303 1319 360 1394 τάς
388 1317 664 1401 ἐπιζευγνυούσας
694 1318 776 1383 αὐτὰ
803 1319 884 1383 κατά
911 1319 949 1384 τὸ
974 1317 1046 1402 ἑξῆς
1069 1317 1203 1395 εὐθείας
1218 1338 1246 1376 10

189 1425 342 1509 ,γραμμάς
369 1424 413 1508 μὴ
440 1427 521 1490 κατὰ
548 1427 634 1491 πολὺ
662 1423 803 1513 ἀπᾴδειν
833 1433 891 1508 τῆς
921 1424 1135 1510 περιεχούσης
1164 1428 1202 1490 τὸ

190 1540 299 1614 σχῆμα
322 1541 484 1617 γραμμῆς,
509 1529 564 1596 καὶ
587 1530 693 1607 ούτως
716 1531 760 1607 ὡς
781 1530 980 1613 πολύγωνον
1001 1541 1133 1616 μετρεῖν
1156 1533 1204 1608 είς

192 1640 337 1722 τρίγωνα
359 1639 645 1723 καταδιαιροῦντα.
691 1639 720 1702 εί
743 1633 780 1702 δέ
803 1637 864 1703 ούκ
888 1637 979 1702 ἐστιν
1006 1636 1159 1713 ἐπίπεδος
1181 1635 1202 1719 ῆ

193 1742 382 1828 ἐπιφάνεια,
422 1743 492 1810 ἀλλ’
533 1745 642 1830 ὥσπερ
679 1743 878 1830 ἀνδριάντος
915 1743 936 1827 ῆ
973 1744 1077 1808 άλλου
1112 1744 1204 1820 τινὸς

192 1850 357 1933 τοιούτου,
376 1851 428 1916 δεῖ
445 1854 591 1934 λαβόντα
604 1851 729 1937 χάρτην
747 1851 797 1916 ὅτι
812 1853 1010 1915 λεπτότατον
1027 1849 1048 1933 ῆ
1063 1851 1203 1914 σινδόνα
1217 1871 1244 1912 ιε

191 1960 389 2038 περιτείνειν
407 1959 488 2022 κατά
505 1956 604 2044 μέρος
622 1956 676 2022 ἐπὶ
694 1959 755 2041 τῆν
774 1955 970 2040 ἐπιφάνειαν
989 1955 1102 2039 αὐτοῦ,
1126 1958 1203 2041 άχρι

193 2060 235 2126 άν
252 2068 459 2149 περιειληθῆ,
480 2058 549 2128 εἶτα
568 2061 757 2128 ἐκτείναντα
780 2064 839 2127 τὸν
857 2062 982 2147 χάρτην
1004 2061 1024 2145 ῆ
1047 2063 1108 2146 τῆν
1132 2079 1202 2127 σιν-

193 2169 275 2233 δόνα
299 2171 345 2245 είς
368 2168 525 2234 ἐπίπεδον
547 2177 679 2254 μετρεῖν
702 2167 940 2254 περιεχομένην
965 2169 1031 2234 ὑπὸ
1059 2165 1202 2234 άτάκτου

192 2283 352 2358 γραμμῆς,
375 2274 419 2351 ὡς
436 2277 639 2360 προείρηται,
661 2272 717 2338 καὶ
735 2273 982 2358 ἀποφαίνεσθαι
1000 2275 1037 2340 τὸ
1057 2274 1202 2359 ἐμβαδὸν
1305 2362 1309 2366 ⁵

192 2389 249 2463 τῆς
277 2379 477 2465 ἐπιφανείας.
527 2381 556 2444 εί
584 2378 624 2445 δέ
648 2378 735 2457 τινές
763 2382 849 2445 εἰσιν
875 2378 982 2466 ἕτεραι
1013 2378 1202 2465 ἐπιφάνειαι
1217 2401 1244 2444 ιο

192 2484 212 2569 ῆ
236 2488 383 2571 σχήματα
402 2485 614 2571 ἐπιφανειῶν,
636 2488 877 2572 μετρηθήσεται
901 2485 937 2551 ἐκ
959 2498 1026 2552 τῶν
1048 2508 1202 2573 προειρη-

192 2592 314 2677 μένων·
345 2591 401 2657 καὶ
433 2595 496 2679 γὰρ
528 2589 697 2677 αὐτάρκως
731 2595 906 2677 νομιζομεν
941 2594 999 2669 τάς
1035 2593 1071 2658 ἐκ
1106 2594 1202 2659 δυεῖν

192 2697 397 2764 διαστάσεων
419 2698 611 2784 ἐπιφανείας
632 2697 875 2785 μεμετρηκέναι.
961 2775 963 2779 ¹

264 2896 279 2944 9
302 2891 321 2945 f.
341 2885 387 2946 ἐπὶ
410 2891 512 2962 ταύτης
587 2896 622 2945 23
645 2891 846 2962 subscriptum:
864 2887 990 2963 Ἥρωνος
1004 2889 1202 2961 Ἀλεξανδρέως

193 2955 333 3016 ἐπιπέδων
352 2960 480 3032 μέτρησις
497 2964 624 3034 εὐτυχῶς.
