2644 3870
151 201 195 266 94
254 185 268 212 ‘
319 203 469 255 Hpsmoz
488 198 753 260 εΔεΞευΔεωωΣ
771 201 996 253 mmmm

150 366 240 428 ἔσται
268 364 432 447 μονάδων.
477 362 599 428 τούτου
626 360 655 428 δ’
682 361 703 445 ή
729 361 896 440 ἀπόδειξις
919 362 1055 447 φανερά.
1101 361 1161 427 ἐάν

150 472 213 555 γάρ
242 471 299 546 τοῖς
325 480 412 555 τρεῖς
434 470 620 546 διαστάσεις
644 468 869 552 ἐπινοήσωμεν
892 466 1091 554 διῃρημένοις
1114 469 1161 544 εἰς

150 577 329 661 μοναδιαῖα
365 577 568 660 διαστήματα
602 573 657 640 καί
694 576 750 639 διά
785 586 852 640 τῶν
882 585 993 658 τομῶν
1025 573 1161 639 ἐπίπεδα

150 681 339 766 ἐκβάλωμεν
361 683 554 767 παράλληλα
576 691 645 758 τοῖς
667 679 857 766 περιέχουσι
879 681 916 745 τὸ
941 681 1074 766 στερεὸν
1093 679 1161 745 ἐπι-

149 787 276 870 πέδοις,
304 790 395 852 ἐσται
423 789 531 873 ὥσπερ
558 781 863 873 καταπεπρισμένον
890 788 926 852 τὸ
955 788 1090 872 στερεὸν
1113 793 1160 863 εἰς
1188 803 1201 844 ⁵
1318 775 1320 840 Ᾰ

150 894 326 978 μοναδιαῖα
358 895 485 980 στερεά,
518 888 577 958 ὧν
596 894 633 958 τὸ
665 898 795 975 πλῆθος
827 895 916 957 ἔσται
944 893 962 958 ὁ
990 890 1160 978 εἰρημένος

150 999 302 1085 ἀριθμός.
347 998 402 1065 καί
428 1002 578 1066 καθόλου
606 996 642 1064 δὲ
669 1009 736 1064 πᾶν
764 1000 897 1084 στερεὸν
924 1007 1030 1084 σχήμα
1057 999 1160 1082 πάχος

150 1108 227 1189 ἔχον
254 1107 496 1190 οἰονδηποτοῦν
523 1103 598 1190 (καὶ
626 1114 728 1190 μήκος
755 1105 1032 1190 οἰονδηποτοῦν>,
1059 1105 1096 1169 τὸ
1122 1100 1160 1169 δέ

150 1211 235 1289 ὕψος
274 1213 358 1297 πρὸς
393 1212 500 1298 ὀρθάς
535 1220 574 1297 τῇ
612 1211 705 1293 βάσει
741 1221 905 1297 μετρεῖται
941 1219 998 1294 τής
1034 1211 1160 1294 βάσεως

151 1316 253 1382 αὐτοῦ
278 1322 495 1404 μετρηθείσης
517 1315 572 1382 καί
596 1315 649 1382 ἐπὶ
671 1317 707 1381 τὸ
731 1316 817 1394 ὕψος
838 1319 1159 1383 πολλαπλασιασθεέ-
1173 1335 1202 1375 10

151 1440 217 1507 σης.
263 1415 348 1488 οἷον·
376 1427 458 1488 ἐστω
486 1432 546 1489 τοῦ
573 1432 708 1508 στερεοῦ
731 1423 826 1507 βάσις
849 1425 1006 1507 ἔλλειψις,
1034 1421 1098 1487 άπὸ
1122 1417 1160 1486 δέ

150 1539 209 1594 τοῦ
232 1529 371 1615 κέντρου
394 1539 451 1613 τῆς
474 1529 648 1608 ἐλλείψεως
665 1530 748 1615 πρὸς
768 1529 873 1616 ὀρθάς
892 1528 1090 1595 ἐπινοεῖσθω
1109 1552 1160 1604 τις

121 1646 124 1651 ’
150 1637 265 1702 εὐθεῖα
288 1645 333 1724 τῷ
356 1645 414 1719 τῆς
437 1635 611 1715 ἐλλείψεως
634 1634 776 1722 ἐπιπέδῳ
799 1636 884 1714 ὕψος
907 1638 1028 1720 ἔχουσα
1046 1633 1158 1700 δοθέν.

150 1743 186 1807 τὸ
215 1739 252 1808 δέ
279 1752 337 1825 τῆς
364 1742 538 1822 ἐλλείψεως
566 1752 673 1828 σχῆμα
699 1741 853 1828 φερέσθω
881 1744 963 1807 κατά
990 1750 1048 1825 τῆς
1072 1744 1159 1827 εἰρη-

45 1865 83 1907 ιοι,
96 1867 133 1908 88¹
152 1846 259 1936 ψμένης
282 1848 415 1926 εὐθείας
434 1849 548 1932 οὕτως,
572 1851 654 1915 ὥστε
673 1850 710 1914 τὸ
732 1846 794 1934 μὲν
811 1847 949 1934 κέντρον
966 1846 1035 1912 κατ’
1059 1847 1160 1931 αὐτῆς
1173 1867 1200 1907 15
1319 1875 1320 1878 ¹

150 1954 322 2041 φέρεσθαι,
345 1957 382 2021 τὸ
407 1953 444 2021 δέ
467 1965 523 2039 τῆς
547 1956 720 2035 ἐλλείψεως
743 1955 900 2021 ἐπίπεδον
922 1953 973 2020 άεί
993 1955 1159 2040 παράλλη-

150 2068 211 2126 λον
237 2062 397 2147 ὑπάρχειν
425 2072 463 2148 τῇ
492 2061 524 2140 ἐξ
548 2062 650 2148 άρχής
672 2062 774 2128 θέσει.
820 2065 910 2126 ἐσται
934 2063 975 2145 δή
997 2085 1036 2144 τι
1053 2070 1159 2146 σχῆμα

150 2165 289 2252 ὡσπερεὶ
311 2169 490 2254 κύλινδρος
513 2170 612 2251 βάσιν
635 2171 712 2252 ἔχον
729 2171 789 2252 τήν
808 2167 984 2254 εἰρημένην
1002 2171 1159 2246 ἔλλειψιν.

150 2282 209 2338 τοῦ
238 2273 279 2356 δή
305 2275 460 2339 τοιούτου
483 2276 645 2359 σχήματος
666 2275 704 2339 τὸ
728 2275 813 2352 ὕψος
835 2275 918 2360 πρὸς
941 2274 1047 2360 όρθδις
1069 2279 1158 2338 καλῶ

150 2389 188 2465 τῇ
211 2380 317 2462 βάσει·
341 2379 360 2444 ὃ
382 2381 424 2463 δή
447 2391 611 2464 μετρεῖται
633 2388 679 2467 τῳ
697 2378 923 2468 προειρημένῳ
941 2383 1060 2468 τρόπῳ.
1095 2378 1159 2444 κάν
1172 2399 1199 2438 το

149 2601 187 2678 τῇ
211 2592 319 2676 βάσει,
343 2593 388 2668 ὡς
410 2598 551 2677 εἰρηται,
575 2591 696 2676 ὁμοίως
718 2595 972 2679 μετρηθήσεται·
998 2593 1081 2658 ὥστε
1103 2590 1158 2657 καί

149 2698 326 2783 κύλινδρος
353 2699 508 2774 ὡσαύτως
534 2709 707 2784 μετρεῖται.
752 2698 816 2765 κάν
842 2701 886 2785 μή
908 2691 930 2786 ᾖ
953 2695 990 2764 δέ
1013 2701 1048 2764 τὸ
1072 2698 1157 2777 ὕψος

149 2814 208 2870 τοῦ
241 2813 375 2890 στερεοῦ
404 2806 488 2889 πρὸς
515 2803 620 2890 ὀρθάς
647 2815 685 2892 τη
714 2807 822 2891 βάσει,
855 2805 938 2871 άλλδι
964 2804 1158 2890 κεκλιμένον

148 2902 184 2997 ᾖ,
211 2912 248 2975 τὸ
277 2907 313 2975 δὲ
337 2911 471 2996 στερεὸν
493 2921 661 2996 τοιοῦτον,
687 2915 770 2978 ὥστε
792 2916 993 2997 τεμνόμενον
1016 2910 1157 2998 ἐπιπέδῳ
1172 2929 1199 2970 25
1319 2975 1320 2988 ,

148 3019 346 3104 παραλλήλῳ
373 3027 412 3102 τη
438 3017 531 3099 βάσει
553 3029 663 3084 ποιεῖν
685 3021 786 3103 τομὰς
810 3025 882 3094 ἰσας
904 3027 943 3103 τῇ
967 3019 1076 3102 βάσει,
1103 3019 1158 3082 δο-

148 3130 247 3188 θεῖσα
269 3119 306 3187 δδ
328 3114 388 3209 ᾖή
407 3122 472 3188 άπὸ
491 3132 549 3208 τῆς
566 3133 715 3210 κορυφῆς
733 3125 837 3190 αὐτοῦ
855 3125 995 3201 κάθετος
1014 3122 1157 3209 ἀγομένη

150 3227 202 3314 ἐπὶ
229 3230 290 3313 τήν
317 3230 430 3313 βάσιν,
458 3230 495 3294 τὸ
520 3232 654 3316 στερεὸν
677 3231 831 3308 ὡσαύτως
854 3231 1061 3316 λαμβάνεται.
1108 3231 1159 3295 δεῖ

148 3337 211 3422 γάρ
235 3338 379 3420 λαβόντα
401 3338 438 3402 τὸ
465 3335 609 3420 ἐμβαδὸν
630 3345 688 3420 τής
706 3338 832 3420 βάσεως
850 3336 952 3402 αὐτοῦ
970 3342 1158 3402 πολλαπλα-

150 3444 261 3508 σιάσαι
289 3441 341 3509 ἐπὶ
369 3446 429 3527 τήν
457 3441 633 3528 εἰρημένην
659 3445 802 3508 κάθετον
829 3441 883 3508 καί
911 3442 1158 3527 ἀποφαίνεσθαι
1171 3461 1198 3502 30

148 3551 310 3616 τοσούτου
336 3550 373 3616 τὸ
402 3552 549 3635 στερεόν·
577 3550 613 3614 τὸ
641 3546 679 3614 δέ
706 3549 923 3635 εἰρημένον<
924 3597 1040 3613 ......
1041 3551 1062 3632 >
1090 3549 1158 3614 ἐπι-

114 3675 174 3688 Α
