2644 3870
175 201 240 266 ³114
338 203 487 256 Ηεωαοε
505 197 771 260 mmmm*
790 201 1014 254 αετεικαωο

61 383 153 425 τοῖον
171 364 301 450 κορυφὴ
320 360 358 429 δὲ
375 362 395 446 η
412 366 484 428 ΖΗ
498 363 623 447 εὐθεῖα,
641 361 697 429 καὶ
717 361 722 450 Ι
742 361 856 449 ἕτερον
873 367 1009 449 πρίσμα,
1028 358 1069 428 οὗ
1085 364 1181 448 βάσις

38 3456 105 3476 Α

169 466 231 555 μὲν
261 471 297 534 τὸ
325 474 364 536 Ν
369 475 398 535 Y
420 472 765 555 παραλληλόγραμμον
792 470 1017 555 ὀρθογώνιον,
1049 472 1180 555 πορυῳη

170 578 208 642 δε
234 575 254 659 η
283 580 322 641 Η
325 580 353 641 (¹¹)
380 575 510 661 εὐθεῖα,
537 575 592 641 παλ
619 577 803 662 πυραμίδα,
829 571 869 659 ἧς
895 575 915 658 ἡ
941 576 1037 660 βάσις
1059 572 1120 661 μὲν
1142 578 1180 642 τὸ
1309 583 1311 588 ’

170 686 235 749 ΡΓ
252 685 596 768 παραλληλόγραμμον
618 683 844 769 ὀρθογώνιον,
871 683 1002 768 κορυφὴ
1026 678 1063 748 δὲ
1084 684 1122 748 τὸ
1146 686 1186 747 Η

170 800 314 873 σημεῖον.
351 788 434 855 άλλδι
452 790 489 854 τὸ
508 785 569 873 μὲν
586 792 723 875 πρίσμα,
742 783 782 854 οὕ
801 789 897 872 βάσις
914 790 951 854 τὸ
970 791 1005 852 Κ
1008 792 1039 853 Λ
1056 795 1180 874 παραλ-
1207 807 1220 848 ε

170 898 403 982 ληλόγραμμον
426 896 647 981 ὀρθογώνιον,
671 901 747 960 ῖσον
767 893 835 960 ἐστὶ
855 903 976 983 στερεῷ
993 900 1180 979 παραλληλ-

170 999 327 1091 επιπέδῳ,
355 998 396 1067 οὗ
424 1003 519 1086 βάσις
546 1003 583 1067 τὸ
609 1005 685 1066 ΚΠ
708 1004 1052 1087 παραλληλόγραμμον
1078 1002 1180 1087 ὀρθο-

169 1109 293 1190 γώνιον
315 1106 369 1173 καὶ
390 1109 476 1187 ὕψος
494 1109 530 1173 τὸ
550 1108 630 1173 αὐτὸ
652 1115 698 1195 τῷ
717 1116 849 1195 στερεῷ,
867 1107 905 1173 τὸ
925 1104 962 1172 δὲ
979 1111 1115 1194 πρίσμα,
1138 1104 1178 1173 οὗ

169 1215 264 1298 βάσις
282 1215 319 1280 τὸ
333 1218 372 1280 Ν
377 1220 406 1280 Y
419 1217 763 1300 παραλληλόγραμμον
781 1213 1002 1300 ὀρθογώνιον,
1021 1220 1096 1280 ίσον
1111 1214 1178 1281 ἐστὶ

170 1329 290 1408 στερεῷ
312 1319 638 1408 παραλληλεπιπέδῳ,
662 1317 702 1386 οὗ
725 1321 821 1404 βάσις
839 1317 900 1404 μὲν
918 1321 955 1385 τὸ
973 1324 1179 1406 παραλληλό-
1193 1339 1221 1379 1⁰

168 1450 321 1513 γραμμον
337 1427 601 1513 <ὀρθογώνιον>,
619 1426 705 1506 ὕψος
723 1423 761 1492 δὲ
776 1428 813 1492 τὸ
829 1427 920 1510 αὐτὸ,
938 1425 958 1509 η
974 1423 1011 1491 δὲ
1024 1425 1178 1512 πυραμὶς,

167 1528 207 1616 ἧς
234 1533 330 1617 βάσις
357 1535 394 1598 τὸ
418 1536 482 1599 ΡΓ
499 1535 860 1619 παραλληλόγραμμον,
888 1539 942 1616 ίση
967 1530 1035 1597 ἐστὶ
1059 1541 1179 1620 στερεῷ

167 1637 497 1727 παραλληλεπιπέδῳ,
520 1635 560 1704 οὕ
583 1641 679 1724 βάσις
701 1636 763 1724 μὲν
785 1640 824 1705 ἓν
845 1637 900 1704 καὶ
923 1641 960 1704 τὸ
983 1643 1097 1725 τρίτον
1118 1649 1178 1706 τοῦ

168 1743 230 1816 ΡΞ
248 1746 608 1831 παραλληλογράμμου,
630 1747 716 1825 ὕψος
740 1743 776 1810 δὲ
799 1747 836 1811 τὸ
861 1745 955 1810 αὐτὸ·
980 1747 1063 1812 ὥστε
1085 1746 1121 1811 τὸ
1146 1746 1177 1825 ἐξ

168 1850 269 1934 ἀρχῆς
292 1852 427 1936 στερεὸν
449 1858 524 1917 ίσον
543 1847 627 1917 εἶναι
649 1860 770 1940 στερεῷ
788 1850 1115 1940 παραλληλεπιπέδῳ,
1138 1849 1178 1917 οὗ
1193 1868 1220 1909 1⁵

168 1957 263 2040 βάσις
294 1958 331 2022 τὸ
359 1957 423 2031 ΑΞ
450 1962 793 2045 παραλληλόγραμμον
824 1956 879 2023 καὶ
910 1959 947 2023 τὸ
979 1961 1093 2043 τρίτον
1119 1968 1178 2025 τοῦ

168 2062 230 2136 ΡΞ
248 2066 603 2151 παραλληλογράμμου,
625 2065 710 2144 ὕψος
733 2063 770 2130 δὲ
792 2067 829 2131 τὸ
853 2065 934 2130 αὐτὸ
957 2073 1002 2153 τῷ
1026 2064 1059 2143 ἐξ
1078 2064 1179 2150 ἀρχῆς

169 2177 302 2257 στερεῷ·
325 2169 379 2235 καὶ
402 2173 471 2236 ἔστι
495 2168 599 2237 δοθὲν
620 2173 658 2237 τὸ
678 2176 710 2234 Α
715 2171 745 2244 Ξ
762 2174 1106 2257 παραλληλόγραμμον
1123 2169 1178 2236 καλ

168 2277 204 2341 τὸ
236 2281 349 2363 τρίτον
380 2286 440 2343 τοῦ
468 2277 539 2351 ΡΞ·
572 2275 642 2342 ἐπεὶ
673 2279 736 2362 γάρ
768 2276 904 2364 ἑκατέρα
930 2289 997 2342 τῶν
1025 2282 1091 2342 ΒΑ
1110 2281 1181 2342 ΑΚ

168 2384 307 2448 δοθεῖσά
326 2383 415 2449 ἐστιν
433 2381 488 2448 καὶ
506 2387 598 2449 ἔστιν
615 2383 726 2448 αὐτῶν
743 2383 875 2468 ἡμίσεια
893 2383 913 2467 η
933 2389 1017 2469 ΑΦ,
1039 2386 1178 2450 δοθεῖσα
1192 2402 1221 2442 2⁰

167 2489 231 2572 άρα
257 2489 278 2572 η
301 2494 380 2554 ΛΦ.
405 2491 487 2556 κατά
510 2491 550 2554 τά
572 2488 655 2554 αὐτά
678 2490 719 2571 δη
742 2488 797 2554 καὶ
820 2489 841 2573 η
864 2495 941 2573 ΒΧ,
965 2490 1135 2556 τουτέστιν
1156 2491 1177 2574 η

169 2595 247 2667 ΦΞ·
280 2593 384 2661 δοθὲν
415 2598 479 2681 άρα
510 2597 547 2661 τὸ
575 2594 643 2667 ΑΞ
671 2599 1023 2682 παραλληλόγραμμον.
1077 2598 1179 2662 πάλιν

167 2699 236 2766 ἐπεὶ
261 2703 400 2767 δοθεῖσα
422 2699 442 2783 η
466 2704 546 2785 ΒΚ,
570 2703 710 2767 δοθεῖσα
732 2703 796 2788 άρα
817 2701 873 2768 καὶ
895 2702 916 2786 η
939 2706 1024 2786 ΚΦ,
1047 2702 1177 2769 ποντίσ-

166 2831 220 2872 τιν
247 2806 267 2889 ἡ
291 2811 363 2871 ΡΠ.
409 2809 552 2873 κατὰτὰ
576 2808 658 2873 αὐτὰ
680 2807 735 2873 καὶ
757 2809 778 2892 η
802 2809 877 2884 ΠΞ.
910 2806 1014 2875 δοθλν
1037 2811 1100 2893 άρα
1123 2807 1177 2874 παλ

165 2914 202 2977 τὸ
223 2911 287 2984 ΞΡ
304 2914 655 2998 παραλληλόγραμμον.
696 2915 779 2979 ώστε
801 2912 856 2978 καὶ
878 2915 915 2980 τὸ
938 2918 1052 3001 τρίτον
1074 2913 1177 2979 αὐτοῦ
1192 2931 1219 2974 ²⁵

167 3017 272 3083 δοθέν
295 3017 392 3083 ἐστιν.
434 3020 503 3082 ἔστι
526 3014 563 3083 δὲ
585 3017 641 3083 καὶ
663 3020 700 3084 τὸ
719 3019 804 3098 ὕψος
824 3030 884 3086 τοῦ
904 3029 1038 3105 στερεοῦ
1057 3019 1177 3086 δοθέν·

167 3120 271 3189 δοθὲν
294 3126 357 3210 άρα
380 3122 434 3189 καὶ
457 3125 494 3190 τὸ
518 3124 550 3204 ἐξ
575 3124 676 3210 ἀρχῆς
695 3129 837 3212 στερεόν.
879 3130 1116 3211 συντεθησεται
1135 3129 1177 3212 δη

167 3229 272 3307 οὕτως
299 3229 494 3308 ἀκολούθως
518 3241 557 3318 τῇ
581 3231 747 3298 άναλῦσει.
792 3236 874 3298 ἔστω
897 3235 960 3319 γάρ
984 3233 1004 3316 ἡ
1027 3229 1088 3318 μὲν
1111 3238 1176 3298 ΑΒ

165 3338 322 3421 μονάδων
344 3362 374 3420 κ,
397 3337 417 3421 ἡ
441 3335 479 3403 δὲ
502 3342 568 3403 ΒΓ
586 3341 743 3424 μονάδων
767 3342 815 3424 ιβ,
839 3340 859 3424 η
882 3336 920 3405 δε
938 3344 1001 3403 ΕΖ
1021 3341 1178 3425 μονάδων

238 3500 269 3548 11
286 3495 412 3566 supplevi
481 3503 513 3551 12
529 3498 602 3552 ίσονι
617 3495 724 3551 correxi
793 3502 876 3564 13sq.
892 3496 923 3550 τὸ
940 3496 991 3554 ΡΞ
1003 3495 1177 3566 παραλληλό-

184 3586 307 3637 ραμμονε
328 3567 433 3622 correxi
848 3603 851 3609 ·
