2606 3868
157 190 199 256 68
322 191 471 243 Ηεοαοε
490 188 755 250 mmmm
773 190 960 242 ειιιυεῑιιωα
979 192 1003 241 A

157 354 215 419 ε’διν
247 355 333 438 δοθῇ
366 353 385 436 ἡ
418 356 612 439 περίμετρος
644 352 800 436 μονάδων
832 353 889 435 μδ,
922 354 1079 434 λαβόντες
1110 354 1168 434 τῆς

158 459 335 544 διαμέτρου
357 461 395 524 τὸ
419 460 532 543 ἥμισυ·
556 457 620 524 εἰσὶ
644 455 681 522 δὲ
707 457 849 542 μονάδες
874 462 900 537 ζ·
924 457 1169 522 πολλαπλασιά-

157 585 258 651 σομεν
284 565 336 632 ἐπὶ
363 568 403 630 τά
430 567 487 650 μδ·
515 563 570 630 καὶ
597 576 664 630 τῶν
695 563 883 648 γενομένων
914 564 952 628 τὸ
979 564 1082 648 ἥμισυ
1111 569 1169 629 λα-

157 676 284 758 βόντες·
304 671 367 738 εἰσὶ
382 669 419 737 δὲ
432 673 575 756 μονάδες
590 674 652 758 ρνδ
659 692 665 703 ·
684 671 846 736 τοσούτου
860 669 1168 754 άποφα[ι]νούμεθα

157 780 193 844 τὸ
217 779 361 863 ἐμβαδὸν
383 788 443 843 τοῦ
465 777 598 843 κύκλου.
1195 797 1208 836 5

219 883 299 950 Ἐάν
317 883 374 970 δέη
393 887 517 969 χωρίου
536 885 626 960 τινὸς
649 882 809 960 δοθέντος
831 886 904 967 ἤτοι
927 883 1168 969 εὐθυγράμμου

157 991 177 1075 ἢ
197 993 440 1075 οῑουδηποτοῦν
457 992 563 1078 τούτῳ
583 996 657 1055 ἴσον
675 990 799 1055 κύκλον
816 994 1030 1076 πορίσασθαι,
1049 993 1168 1074 λαβόν-

157 1122 210 1174 τες
237 1099 273 1163 τὸ
303 1097 446 1182 ἐμβαδὸν
472 1106 533 1161 τοῦ
560 1100 697 1182 χωρίου·
729 1099 810 1161 ἐστω
841 1092 878 1162 δὲ
905 1096 1060 1181 μονάδων
1084 1099 1168 1182 ρνδ·

158 1205 285 1270 τούτων
312 1206 351 1269 τδι
377 1205 411 1268 ιδ
439 1201 607 1268 ἑνδέκατα·
637 1203 657 1268 δ
684 1206 831 1286 γίγνεται
859 1224 931 1289 ρης·
959 1202 1015 1268 καὶ
1041 1205 1169 1269 τούτων

158 1311 259 1375 πάλιν
282 1313 439 1395 λαβόντες
460 1311 620 1395 πλευράν·
648 1312 716 1374 ἐστι
739 1305 776 1373 δὲ
798 1310 955 1393 μονάδων
978 1311 1024 1374 ιδ·
1052 1311 1169 1375 τοσού·
1183 1329 1210 1368 10

159 1441 219 1482 του
242 1416 507 1501 άποφανούμεθα
530 1417 591 1498 τὴν
612 1425 672 1490 τοῦ
694 1417 820 1482 κύκλου
843 1416 1028 1501 διάμετρον.

225 1523 299 1588 Δύο
313 1517 445 1586 κύκλων
462 1520 538 1605 περὶ
556 1523 593 1586 τὸ
612 1522 692 1587 αὐτὸ
710 1521 850 1605 κέντρον
867 1525 975 1587 όντων
992 1524 1029 1587 τὸ
1048 1522 1168 1606 μεταξὺ

159 1642 225 1695 τῶν
248 1639 468 1714 περιφερειῶν
490 1627 601 1693 αὐτῶν
623 1631 747 1713 χωρίον
770 1629 915 1694 δυνατόν
943 1629 1032 1694 ἐστιν
1058 1629 1169 1715 εὑρεῖν

158 1738 364 1820 μετρήσαντα
391 1731 546 1820 ἑκάτερον
573 1745 639 1799 τῶν
666 1734 797 1799 κύκλων
827 1733 882 1799 καὶ
907 1734 1073 1819 ἀφελόντα
1105 1735 1168 1801 άπὸ

159 1852 218 1908 τοῦ
247 1845 394 1926 μειζονος
420 1841 480 1905 τὸν
508 1840 678 1906 ἐλάσσονα.
714 1842 770 1905 ἵνα
802 1837 839 1906 δέ
871 1842 914 1926 μὴ
947 1843 1009 1907 δύο
1038 1843 1170 1907 κύκλων
1184 1860 1210 1900 15

160 1947 316 2034 μέτρησιν
338 1949 564 2031 ποιησώμεθα,
587 1946 737 2031 δείξομεν
760 1947 872 2024 οὕτως.

219 2052 389 2118 Ἔστωσαν
420 2055 483 2119 δύο
510 2055 625 2119 κύκλοι
653 2052 729 2139 περὶ
760 2055 797 2119 τὸ
829 2054 910 2119 αὐτὸ
938 2053 1090 2140 κέντρον,
1123 2049 1170 2120 ὧν

160 2160 330 2244 διάμετροι
353 2161 388 2224 αἱ
411 2163 476 2224 ΑΒ
500 2164 573 2224 ΓΔ.
607 2158 676 2224 ἐπεὶ
704 2155 848 2225 οὖντοῦ
871 2160 935 2225 άπὸ
961 2171 1017 2245 τῆς
1039 2165 1107 2226 AB
1130 2163 1170 2226 τά

161 2291 196 2330 ια
219 2264 261 2330 ιδ
288 2270 437 2349 γίγνεται
464 2265 501 2330 τὸ
530 2265 674 2349 ἐμβαδὸν
701 2276 761 2330 τοῦ
788 2270 936 2350 μείζονος
963 2269 1088 2333 κύκλου
1115 2267 1170 2333 καὶ

161 2372 281 2457 ὁμοίως
309 2381 368 2437 τοῦ
396 2371 460 2436 ἀπὸ
484 2381 541 2455 τῆς
564 2375 629 2435 ΓΔ
652 2373 692 2436 τά
715 2398 750 2436 ια
769 2371 811 2437 ιδ
838 2377 985 2456 γίγνεται
1011 2376 1049 2439 τὸ
1074 2375 1170 2459 ἐμβα·
1184 2395 1211 2434 εο
1298 2361 1301 2430 ἶ

162 2479 223 2543 δὸν
254 2488 314 2544 τοῦ
347 2477 524 2554 ἐλάσσονος
555 2479 694 2561 κύκλου,
727 2488 784 2562 τῆς
814 2481 878 2565 άρα
908 2491 976 2544 τῶν
1007 2480 1071 2545 άπὸ
1104 2486 1169 2546 ΑΒ

162 2588 227 2650 ΓΔ
259 2585 422 2670 ὑπεροχῆς
453 2584 493 2647 τά
525 2608 559 2648 ια
592 2582 634 2648 ιδ
671 2588 818 2667 γίγνεται
855 2587 891 2650 τὸ
929 2586 1075 2671 ἐμβαδὸν
1110 2598 1169 2654 τοῦ

162 2689 336 2775 εἰρημένου
371 2695 508 2776 χωρίου,
544 2690 561 2754 ὸ
594 2695 738 2755 καλεῖται
769 2698 848 2768 ἴτυς.
898 2693 919 2776 ἡ
948 2690 985 2758 δέ
1011 2705 1078 2758 τῶν
1105 2694 1169 2761 άπὸ

162 2801 301 2862 ΑΒΓΔ
336 2797 480 2880 ὑπεροχὴ
518 2799 554 2861 τὸ
591 2799 739 2883 τετράκις
772 2797 862 2864 ἐστὶν
895 2800 960 2865 ὑπὸ
995 2804 1057 2864 ΓΒ
1090 2805 1169 2866 BA·
1205 2859 1210 2870 .

162 2904 336 2989 ἐπειδήπερ
363 2901 417 2967 καὶ
445 2903 526 2986 <τὸ>
555 2905 703 2990 τετράκις
730 2906 795 2970 ὑπὸ
824 2908 885 2970 ΓΒ
910 2910 976 2970 BA
1003 2910 1083 2991 μετὰ
1110 2918 1170 2973 τοῦ
1185 2927 1210 2966 25

162 3010 225 3075 άπὸ
246 3014 310 3074 ΓΔ
334 3016 408 3074 ἴσον
432 3009 499 3074 ἐστὶ
520 3019 567 3098 τῷ
584 3010 647 3075 άπὸ
667 3010 920 3099 συναμφοτέρου
938 3023 995 3097 τῆς
1015 3017 1076 3078 ΓΒ
1095 3019 1176 3078 BA.·

164 3119 411 3203 συναμφότερος
439 3113 476 3180 δέ
502 3116 522 3200 ἡ
552 3120 612 3180 ΓΒ
641 3121 708 3181 BA
739 3125 793 3201 λση
823 3117 891 3183 ἐστὶ
914 3129 952 3205 τῇ
976 3124 1052 3202 AB,
1085 3119 1170 3186 ἐπει-

163 3225 266 3309 δήπερ
294 3221 348 3287 ιιαὸ
375 3223 395 3306 ἡ
419 3226 486 3286 BA
512 3233 551 3308 τῇ
580 3226 650 3288 ΑΓ
673 3230 727 3306 ἴση
756 3222 853 3289 ἐστὶν.
895 3227 978 3290 ὥστε
1001 3225 1059 3291 ἐάν
1081 3229 1169 3313 δοθῇ

234 3423 251 3469 4
269 3416 521 3486 ἀποφαινοόμεθαι
541 3432 607 3468 corr.
623 3434 657 3469 m.
675 3421 688 3468 1
762 3422 777 3469 9
796 3420 860 3484 post
880 3419 908 3470 ιδ
922 3417 1044 3487 spatium
1063 3417 1170 3472 mitte-

163 3504 268 3555 rarum3
288 3487 431 3560 <ια>1ωε.
451 3493 522 3539 m.2
597 3492 627 3538 11
646 3487 889 3556 ἀποφαινομένους
909 3487 1015 3541 correxi
1088 3495 1121 3541 20
1142 3493 1170 3544 ιδ

164 3580 206 3614 ιαι
227 3576 294 3612 corr.
309 3566 375 3612 Παλ
449 3564 482 3610 23
503 3559 532 3610 ιδ
550 3577 592 3610 wc:
612 3556 718 3610 correxi
791 3563 824 3610 25
844 3558 917 3631 <τὸ>
937 3558 1041 3612 inserui
