2606 3868
235 1063 318 1134 Quae
332 1065 388 1125 hoc
401 1065 554 1126 volumine
568 1065 708 1125 coniunxi
720 1065 848 1124 Heronis
859 1065 1054 1124 Alexandrini
1067 1067 1178 1141 scripta

170 1154 238 1228 duo,
262 1174 363 1214 eorum
385 1158 421 1214 ut
443 1155 574 1214 recensio
592 1155 701 1229 facilis,
721 1155 767 1214 ita
785 1147 914 1214 difficilis
933 1158 979 1213 est
997 1154 1177 1227 emendati03

170 1244 241 1302 ¹nam
264 1243 358 1302 omnis
381 1244 538 1320 utriusque
561 1244 704 1302 memoria
727 1244 851 1321 singulis
875 1243 1024 1302 codicibus
1048 1243 1178 1301 contine-

169 1335 222 1390 tur
247 1332 373 1392 vetustis
401 1332 461 1392 illis
490 1332 623 1409 quidem,
654 1333 707 1392 sed
733 1336 763 1392 et
789 1332 937 1392 mendosis
965 1334 995 1391 et
1021 1333 1177 1392 lacunosis

127 1485 130 1491 .
170 1419 256 1490 Quod
278 1441 345 1480 cnm
366 1422 411 1480 ita
435 1440 497 1481 esse
520 1422 725 1499 intellegerem
743 1424 834 1498 atque
852 1422 913 1480 alia
932 1439 1035 1480 eorum
1053 1421 1178 1496 antiqua

170 1511 304 1586 exempla
323 1529 466 1586 nmquam
484 1514 636 1586 repertum
653 1511 692 1568 iri
710 1510 906 1586 desperarem,
924 1511 956 1568 in
973 1510 1029 1568 hac
1049 1510 1178 1568 editione

170 1598 342 1658 adornanda
364 1600 398 1657 id
419 1599 566 1676 imprimis
588 1600 662 1658 mihi
685 1600 833 1678 agendum
856 1618 918 1658 esse
942 1598 1119 1673 sentiebam,
1144 1601 1179 1656 ut

86 1745 90 1751 .
169 1687 313 1747 librorum
338 1688 461 1747 illorum
488 1688 667 1763 scripturam
693 1707 760 1747 cum
786 1688 843 1745 fide
871 1688 1089 1763 consignarem,
1118 1705 1178 1745 non

170 1796 227 1852 quo
256 1777 443 1837 coniectandi
469 1777 781 1852 periculnm'prorsus
807 1776 1005 1834 recusandum,
1026 1794 1088 1834 esse
1111 1795 1177 1834 cen-

168 1883 276 1939 serem,
313 1867 365 1924 sed
400 1863 435 1922 ut
466 1864 561 1922 omnis
593 1863 769 1922 emendandi
800 1867 923 1922 conatus
955 1863 994 1922 ad
1024 1867 1177 1940 praestan-

168 1953 277 2011 tissimi
296 1955 350 2012 aut
368 1952 448 2010 unici
467 1952 594 2026 exempli
612 1952 824 2011 auctoritatem
840 1955 996 2027 tamquam
1014 1953 1053 2011 ad
1066 1957 1178 2013 certam
1297 2015 1300 2020 ,

167 2059 303 2099 normam
325 2040 511 2118 dirigeretur.

664 2228 681 2296 I

232 2359 412 2420 Denettendt
433 2361 568 2429 rationes,
591 2361 683 2420 trium
706 2379 781 2437 opus
804 2360 948 2420 librorum
970 2362 1095 2421 antehac
1116 2381 1176 2419 non

168 2447 280 2506 editum
305 2481 346 2489 -
370 2468 440 2507 nam
467 2449 599 2510 diversus
623 2469 830 2510 mensurarum
852 2449 928 2509 liber
950 2450 1108 2528 singularis
1131 2454 1176 2508 est

169 2554 187 2594 a
214 2537 262 2594 Fr.
288 2536 417 2597 Hultscb
445 2539 524 2597 inter
550 2538 677 2598 Heronis
707 2539 849 2615 reliquias
877 2560 905 2614 p.
931 2540 1103 2600 rsa-207
1131 2559 1175 2597 re-

168 2628 271 2701 ceptus
300 2658 342 2668 -
370 2627 575 2703 suppeditavit
601 2630 688 2687 corten
711 2629 1046 2702 Constantinopolitanae
1067 2629 1177 2701 palatii

167 2717 271 2773 veteris
288 2721 322 2773 n⁰
340 2720 368 2783 1,
389 2717 472 2774 cuius
491 2716 528 2775 ab
547 2714 694 2776 E.'Mr'ller
712 2718 744 2775 in
764 2715 956 2776 Confusaneis
971 2715 1091 2775 Graecis
1108 2736 1137 2791 p.
1148 2715 1176 2770 V

168 2806 199 2861 et
231 2823 248 2860 a
279 2803 327 2862 Fr.
359 2804 445 2863 Blass
473 2804 601 2864 Hermae
633 2799 692 2864 vol.
714 2805 816 2863 XXJH
846 2825 875 2880 p.
900 2807 963 2862 222
996 2805 1176 2864 mentionem

165 2893 280 2950 factam
315 2910 377 2951 esse
413 2892 507 2953 video.
561 2893 803 2953 Membranaceus
840 2896 898 2967 est,
933 2893 1074 2953 foliorum
1111 2897 1176 2952 112

166 2981 297 3040 altorum
311 2984 353 3041 30
368 3001 431 3057 cm,
448 2983 580 3042 latorum
594 2985 634 3040 22
650 3001 714 3057 cm,
727 2982 847 3042 saeculo
860 2982 904 3040 XI
916 2983 1069 3058 perspicue
1084 2986 1174 3059 atque

166 3070 326 3128 admodum
357 3071 509 3147 eleganter
541 3072 683 3150 scriptus,
715 3071 825 3130 crebris
857 3070 961 3148 figuris
989 3072 1174 3148 geometricis

167 3151 365 3237 distinctusl)
420 3159 538 3217 Folium
573 3160 704 3236 primum
740 3179 807 3218 cum
838 3161 946 3235 altero,
983 3161 1175 3219 centesimum

166 3247 356 3306 undecimum
388 3267 454 3307 cum
486 3250 645 3308 centesimo
677 3248 849 3308 duodecimo
878 3244 1013 3307 biuiones
1042 3249 1174 3308 efficiunt

166 3336 346 3420 singulares,
382 3356 509 3413 quorum
540 3339 645 3396 neuter
677 3338 806 3413 scriptus
839 3340 895 3413 est,
932 3337 1174 3396 intermediamm

238 3527 264 3594 1)
283 3524 400 3579 Saeculo
414 3524 465 3577 ΧΠ
483 3524 660 3579 attribuebat
675 3523 803 3593 Dethier3
823 3524 857 3579 cf.
872 3525 901 3578 P.
916 3523 1070 3593 Hunfalvy,
1088 3525 1174 3578 Litte-

166 3596 285 3651 rarisctre
303 3596 428 3650 Bericbte
446 3613 498 3651 ons
520 3597 636 3666 Unparn
653 3596 679 3649 11
698 3600 834 3667 (1878)p.
850 3601 909 3649 565.

502 3703 771 3810 arne,
