2606 3868
502 216 781 284 raouaeonnus.
1109 213 1149 268 rx

234 381 274 420 107
345 379 385 419 108
470 389 482 417 0
576 377 720 550 Um
793 378 832 417 110
913 387 926 416 e
1027 376 1039 418 f

203 979 249 1038 Ex
282 981 337 1054 eis,
369 999 447 1055 quae
477 979 552 1054 dixi,
585 981 711 1056 apparet
737 978 848 1038 librum
876 977 1149 1054 Constantinopoli-

137 1072 243 1132 tanum
279 1068 351 1127 olim
386 1069 476 1126 fuisse
513 1087 564 1126 sex
598 1068 679 1127 foliis
712 1068 883 1128 auctiorem.
942 1068 1047 1144 Neque
1078 1087 1148 1127 vero

137 1158 254 1216 iactura
276 1157 402 1217 dicenda
424 1159 469 1218 est
487 1157 609 1215 illarum
627 1156 867 1216 membranarum
886 1156 1014 1231 amissiO,
1037 1156 1148 1232 quippe

137 1267 265 1322 quarum
292 1247 377 1305 nulla
405 1246 515 1322 scripta
543 1246 642 1306 fuerit.
689 1245 776 1315 Quod
803 1264 862 1321 quo
890 1239 1010 1304 facilius
1033 1245 1149 1303 intelle-

137 1338 235 1414 gatur,
254 1338 299 1394 est
318 1335 574 1414 operaepretium
592 1353 775 1416 cognoscere,
794 1329 869 1412 quid
882 1334 914 1392 in
929 1334 1054 1412 singulis
1069 1333 1149 1393 foliis

137 1427 293 1484 exaratum
316 1425 364 1484 sit.
728 1413 732 1421 ’

226 1512 325 1574 Codex
360 1513 454 1594 igliur
487 1511 835 1588 Constantinopolitanus
867 1511 982 1572 duabus
1016 1532 1051 1570 ex
1081 1531 1149 1588 par-

4 1597 21 1657 (
136 1599 217 1660 tibus
246 1605 376 1676 constat,
404 1620 532 1679 quarum
559 1601 641 1677 prior
669 1597 733 1681 (fol.
755 1592 878 1681 3-66)
907 1601 1075 1680 congeriem
1102 1621 1149 1658 ex-

136 1690 219 1750 hibet
237 1711 273 1750 ex
290 1692 382 1753 variis
401 1690 699 1752 commentationibus
718 1689 936 1750 mathematicis
952 1689 1151 1764 commixtam,

137 1779 233 1839 altera
271 1773 337 1860 (fol,
367 1771 535 1860 67—110)
575 1779 707 1837 rationes
749 1777 922 1836 dimetiendi
957 1777 995 1836 ab
1031 1777 1151 1842 Herone

137 1869 318 1943 compositas
346 1868 502 1928 continet
530 1866 596 1924 Hae
624 1867 701 1923 duae
728 1867 828 1940 partes
855 1867 911 1924 etsi
935 1869 965 1924 00
988 1865 1024 1925 01)
1048 1866 1151 1926 eodem

136 1957 262 2018 librario
291 1956 419 2032 scriptae
446 1973 500 2014 neo
528 1955 704 2032 argumento
732 1953 811 2012 inter
837 1973 868 2012 se
891 1953 1048 2014 dissimiles
1070 1958 1151 2032 sunt,

137 2048 240 2102 tamen
267 2046 371 2102 utrum
397 2062 458 2102 uno
486 2042 524 2101 ab
552 2042 638 2102 initio
666 2043 817 2101 volumine
841 2044 1015 2103 coniunctae
1039 2043 1151 2106 fuerint

37 2138 38 2144 ’
138 2151 178 2213 an
204 2132 369 2208 posteriore
395 2131 513 2190 demum
536 2133 635 2190 aetate
659 2133 831 2208 compactae
853 2131 926 2210 sint,
954 2133 1074 2192 videtur
1097 2132 1150 2192 du·
1208 2127 1210 2136 ’

136 2221 229 2282 bituri
260 2240 359 2302 posse,
392 2219 633 2298 quandoquidem
663 2221 770 2298 prioris
798 2221 893 2298 partis
922 2222 1172 2298 quaternionum

137 2309 209 2374 ordo
237 2310 316 2368 notis
345 2309 547 2370 numeralibus
570 2309 732 2385 indicatur,
760 2309 882 2370 alterius
906 2330 965 2370 non
988 2310 1149 2372 indicatur:

137 2418 192 2478 ego
215 2401 251 2456 ut
271 2399 357 2457 illam
376 2399 545 2476 opinionem
563 2397 793 2476 probabiliorem
811 2398 926 2474 ducam,
949 2419 1016 2458 cum
1034 2419 1151 2462 summa

137 2487 377 2546 membranarum
404 2487 676 2563 utriusquepartis
700 2487 863 2546 similitudo
887 2489 960 2546 facit
982 2491 1049 2547 turn
1071 2489 1150 2546 idem

138 2577 273 2637 omnibus
320 2577 534 2653 impressorum
578 2577 726 2636 linearum
770 2567 917 2636 tricenum
962 2577 1150 2654 singularum

136 2684 287 2745 numerus,
334 2664 453 2745 Scripta
475 2665 579 2724 insunt
600 2665 687 2724 haec:

137 2781 188 2840 fol.
209 2782 345 2843 31---17ν
372 2779 537 2843 Εὐκλείδου
560 2779 718 2860 propsapia
741 2775 834 2856 (man.
859 2784 877 2839 2
902 2782 934 2840 in
955 2773 1037 2862 ras).

136 2870 187 2930 fol.
209 2871 367 2929 Ill-19²
389 2869 524 2928 collectio
547 2869 777 2945 problematum,
800 2871 848 2932 cui
871 2870 1045 2947 Διοφάνους
1066 2861 1150 2952 (Aio

141 3005 143 3010 ,
182 2958 314 3036 φάντους
337 2979 375 3018 m.
400 2949 436 3039 2)
459 2977 566 3018 nomen
588 2957 755 3034 praefixum
777 2963 830 3020 est

137 3049 188 3108 fol.
210 3048 364 3109 191-232
386 3043 516 3124 μέθοδος
539 3054 598 3108 τῶν
620 3045 803 3127 πολυγώνων

136 3137 190 3198 fol.
212 3137 374 3196 23V--26'
397 3132 527 3214 μέθοδος
549 3134 696 3214 aedelred
719 3133 848 3198 ἐπὶτῶν
871 3136 1054 3217 πολυγώνων

137 3226 188 3288 fol.
209 3226 364 3286 271-42‘
378 3218 516 3304 Ἥροονος
538 3223 694 3306 εἰσαγωγυὶ
718 3229 748 3288 00
769 3223 837 3305 περὶ
859 3224 1080 3306 εὐθυμπμιπῶν

137 3315 188 3376 fol.
208 3315 367 3372 421--53'
400 3310 535 3394 μέτρησις
565 3312 737 3395 τετρυστόου
764 3311 830 3392 ἤτοι
858 3314 1075 3395 τετραυυμέρου
1103 3311 1151 3373 ἐπὶ
1220 3374 1222 3378 ,

182 3400 366 3482 τετραγώνου
388 3401 502 3481 βάσεως

138 3491 189 3552 fol.
210 3491 368 3550 54ῐ-’054γ
392 3487 637 3571 ,1111011ςὸ11ος
660 3490 743 3554 σίτου
767 3489 796 3564 ἐξ
820 3488 992 3564 ἀποθέσεως

14 3577 15 3618 1
139 3579 190 3638 fol.
211 3581 367 3638 dds-61¹
390 3577 526 3660 μέτρησις
547 3580 723 3659 πυραμίδων
823 3606 830 3620 ·
