2606 3868
190 195 233 258 46
357 195 506 248 ΗΡΩΝΟΣ
524 191 791 252 mmmm
809 194 994 248 ΜΕΤΡῙΚΩΝ
1012 196 1036 245 A

191 416 266 494 ρκθ
295 407 349 474 καὶ
378 347 433 495 ὸξξδ·
462 417 564 474 ταῦτα
591 410 691 492 ἄφελε
720 408 783 473 άπὸ
811 419 879 472 τῶν
906 407 992 493 ρξθ·
1023 409 1121 473 λοιπά
1149 413 1204 474 λθ

189 566 244 632 καὶ
257 504 306 633 ρδδ
342 577 443 632 ταῦτα
465 571 757 634 πολλαπλασιάσον
780 566 833 633 ἐπὶ
854 569 914 633 τὸν
942 567 1023 653 ρξδ·
1051 572 1199 651 γίγνεται
1294 601 1295 646 3

189 695 257 760 ,ςυ
281 669 328 738 ὧν
350 677 475 758 πλευρὰ
494 679 640 758 γίγνεται
658 695 695 740 π·
713 676 841 740 τούτων
858 675 895 739 τὸ
913 674 1028 758 ἥμισυ·
1051 677 1200 757 γίγνεται

188 805 220 864 μ.
261 783 352 846 ἔσται
374 791 434 846 τοῦ
452 785 557 846 ΑΒΔ
579 783 744 866 τριγώνου
762 782 799 847 τὸ
824 780 967 866 ἐμβαδὸν
991 778 1148 864 μονάδων
1166 807 1199 865 μ.
1294 847 1295 878 3

189 887 271 952 άλλδι
298 885 353 952 καὶ
378 897 438 953 τοῦ
462 890 562 952 ΒΓΔ
585 888 706 971 ὁμοίως
728 907 763 971 μ·
787 887 868 952 ὅλου
890 888 954 973 άρα
975 896 1036 952 τοῦ
1060 890 1199 950 ΑΒΓΔ
1228 904 1244 943 5
1294 885 1295 976 λ

188 997 361 1077 τραπεζίου
375 995 412 1059 τὸ
425 993 569 1078 ἐμβαδὸν
583 997 673 1058 ἔσται
686 993 843 1076 μονάδων
855 1013 889 1077 π,
903 993 983 1078 ὅπερ
997 994 1065 1058 ἔδει
1078 993 1198 1072 δεῖξαι.
1294 979 1295 1058 ὸ

92 1125 119 1154 0.
157 1116 169 1138 v
246 1096 327 1164 Ὅσα
352 1096 414 1183 μὲν
440 1095 503 1165 οὖν
530 1101 597 1164 ἔδει
625 1097 681 1163 ἐπί
700 1122 734 1165 τε
766 1099 973 1185 τριπλεύρων
999 1098 1054 1164 καῖ
1085 1123 1198 1186 τετρα-
1294 1121 1295 1180 5

186 1205 340 1290 πλεύρων
370 1204 577 1290 τεταγμένων
610 1207 729 1289 εἰπεῖν,
765 1204 1023 1291 προγέγραπται·
1060 1206 1118 1272 ἐὸν
1158 1205 1198 1272 δὲ

187 1309 245 1396 δίῃ
267 1309 321 1376 καὶ
344 1312 587 1396 τετραπλεύρου
608 1313 766 1395 τυχόντος
787 1314 846 1387 τὰς
867 1313 1011 1398 πλευρὰς
1033 1314 1197 1396 λαβόντας

186 1419 223 1482 τὸ
247 1417 392 1502 ἐμβαδὸν
414 1420 529 1500 εἰπεῖν,
557 1419 666 1501 δεήσει
692 1415 747 1482 καὶ
770 1421 850 1501 μίαν
872 1419 1053 1501 διαγώνιον
1080 1422 1197 1503 λαβεῖν
1211 1438 1241 1476 10

186 1525 305 1608 αὐτοῦ,
338 1525 421 1589 ώστε
450 1521 621 1609 διαιρεθὲν
653 1524 733 1589 αὐτὸ
766 1525 813 1600 είς
844 1525 906 1590 δύο
934 1528 1079 1609 τρίγωνα
1106 1527 1196 1609 ἔχειν

185 1633 222 1696 τὸ
254 1631 399 1716 ἐμβαδὸν
439 1629 551 1697 δοθέν.
610 1629 778 1714 ἐμάθομεν
821 1632 885 1717 γάρ
925 1632 1092 1717 τριγώνου
1127 1643 1196 1697 τῶν

184 1742 338 1823 πλευρῶν
369 1739 535 1802 δοθεισῶν
566 1737 603 1802 τὸ
638 1736 783 1821 ἐμβαδὸν
814 1737 925 1822 εὑρεῖν
959 1747 998 1822 τῇ
1030 1743 1195 1824 καθολικῇ

184 1846 326 1932 μεθόδῳ.
372 1845 452 1908 άνευ
479 1839 517 1909 δὲ
543 1853 620 1927 μιᾶς
647 1845 828 1926 διαγωνίου
850 1843 1018 1909 ἀδύνατον
1041 1845 1131 1910 ἔσται
1153 1846 1192 1910 τὸ

186 1950 330 2034 ἐμβαδὸν
361 1960 421 2015 τοῦ
452 1951 695 2035 τετραπλεύρου
726 1951 839 2015 εἰπεῖν.
889 1961 955 2014 τῶν
986 1952 1049 2037 γάρ
1082 1951 1195 2016 αὐτῶν
1210 1971 1239 2010 1⁵

183 2061 338 2140 πλευρῶν
369 2058 536 2121 δοθεισῶν
566 2065 626 2121 τοῦ
658 2056 903 2142 τετραπλεύρου
934 2061 1126 2140 μεταπίπτει
1154 2059 1193 2123 τὸ

185 2161 329 2246 ἐμβαδὸν
369 2161 656 2246 διαρομβουμίνου
697 2162 799 2227 αὐτοῦ
837 2160 892 2226 καὶ
927 2163 1194 2248 παρασπωμίνου

184 2269 221 2334 ἐν
260 2279 332 2345 ταῖς
368 2268 482 2344 αὐταῖς
517 2273 683 2353 πλευραῖς.
744 2266 800 2332 καῖ
840 2270 880 2332 τδι
915 2264 985 2352 μὸν
1013 2268 1089 2355 περὶ
1125 2281 1193 2336 τῶν

183 2376 389 2461 τριπλεύρων
416 2373 471 2439 καῖ
497 2375 748 2461 τετραπλεύρων
771 2372 824 2438 ἐπὶ
847 2385 1007 2442 τοσοῦτον
1030 2377 1191 2462 εἰρήσθω,

184 2482 256 2566 ἑξῆς
278 2478 315 2547 δὲ
337 2479 413 2566 περὶ
435 2492 502 2546 τῶν
526 2481 733 2565 ἰσοπλεύρων
750 2504 785 2545 τε
807 2479 862 2545 καὶ
882 2482 1067 2564 ἰσογωνίων
1089 2483 1191 2549 εύθυ-
1206 2503 1236 2542 το

182 2591 341 2674 γράμμων
372 2590 543 2673 γράψομεν
579 2589 655 2672 άχρι
691 2596 751 2652 τοῦ
787 2589 1040 2671 δωδεκαγώνου,
1078 2588 1190 2673 ἐπειδὴ

182 2704 280 2761 τοῦτο
314 2698 495 2778 συνεγγίζει
527 2699 653 2778 μᾶλλον
679 2703 718 2780 τῇ
746 2704 806 2759 τοῦ
832 2695 957 2760 κύκλου
988 2699 1190 2782 περιφερείᾳ.

249 2805 286 2880 ιζ,
314 2800 420 2866 Ἔστω
451 2798 488 2866 δὲ
518 2803 682 2886 πρότερον
714 2805 878 2886 τρίγωνον
907 2803 1119 2888 ἰσόπλευρον,
1148 2793 1202 2868 οὗ

183 2907 299 2990 ἑκάστη
328 2906 396 2972 ἐστὶ
422 2908 549 2993 πλευρά
573 2908 729 2990 μονάδων
757 2932 777 2970 ι.
822 2905 877 2971 καί
905 2909 986 2972 ἔστω
1013 2909 1051 2972 τὸ
1080 2911 1188 2972 ΑΒΓ.

181 3017 274 3098 ἤχθω
302 3015 442 3088 κάθετος
469 3011 523 3077 ἐπὶ
545 3013 606 3096 τὴν
630 3015 690 3077 ΓΒ
713 3012 734 3096 ἡ
758 3017 835 3077 ΑΛ.
881 3011 950 3077 ἐπεὶ
974 3013 1075 3096 διπλῆ
1099 3012 1190 3079 ἐστιν
1204 3035 1232 3075 25

180 3119 200 3203 ἡ
225 3123 297 3204 ΒΓ,
320 3117 489 3184 τουτέστιν
516 3119 535 3202 ἡ
560 3122 639 3202 ΑΒ,
667 3128 724 3202 τῆς
751 3123 833 3202 ΒΔ,
860 3120 1098 3204 τετραπλάσιον
1125 3122 1189 3206 άρα

180 3229 217 3292 τὸ
248 3227 311 3292 άπὸ
335 3229 400 3290 ΑΒ
428 3235 488 3290 τοῦ
515 3225 578 3291 άπὸ
605 3229 680 3288 ΒΔ.
727 3227 810 3290 ὥστε
836 3227 1032 3310 τριπλάσιον
1058 3227 1095 3290 τὸ
1124 3226 1187 3291 άπὸ

180 3338 250 3397 ΑΛ
281 3343 340 3398 τοῦ
373 3331 436 3397 άπὸ
468 3336 543 3398 ΑΒ.
598 3341 657 3396 τοῦ
690 3327 727 3394 δὲ
759 3331 822 3396 άπὸ
852 3336 918 3395 ΑΒ
950 3334 1189 3417 τετραπλάσιόν

180 3477 392 3487 m

252 3568 283 3616 11
304 3562 340 3624 ὡς
357 3561 402 3616 τῖε
421 3576 489 3614 corr.
504 3565 609 3612 mam
