2644 3870
182 194 225 259 96
349 196 497 248 ΗΡΩΝΟΣ
516 191 783 252 mmmm
801 194 987 248 ΜΕΤΡΙΚΩΝ
1004 197 1027 246 Β

179 356 268 444 πέδῳ
294 357 492 443 παραλλήλῳ
515 365 554 441 τῇ
577 357 672 439 βάσει
694 367 783 421 ποιεί
804 357 906 441 τομάς
928 366 967 442 τῇ
990 357 1084 440 βάσει
1108 362 1193 441 ίσας,

179 466 328 547 γίγνεται
352 461 465 538 ούτως.
507 461 567 526 ἐάν
588 459 641 527 ἐπὶ
664 471 721 545 τῆς
742 463 868 546 βάσεως
886 461 989 527 αὐτοῦ
1008 462 1124 529 εύθείά
1142 487 1193 540 τις

180 569 341 656 ἐπισταθῇ
369 571 443 653 ήτοι
471 568 558 654 ὀρθή
586 568 606 652 ή
629 568 803 653 κεκλιμένη
826 570 909 656 πρὸς
931 570 992 652 τήν
1014 569 1115 654 βάσιν
1136 567 1193 634 καὶ

179 677 342 761 μενούσης
375 674 476 760 αὐτῆς
506 674 526 758 ή
560 683 619 739 τοῦ
652 684 787 760 στερεοῦ
819 676 915 759 βάσις
945 674 1084 761 φέρηται
1110 677 1194 740 κατὰ

179 790 237 865 τής
269 779 441 868 εἰρημένης
473 780 620 867 εὐθείας,
652 782 735 846 ὥστε
766 782 804 846 τὸ
834 777 896 865 μὲν
921 782 1005 867 πρὸς
1031 791 1070 867 τῇ
1098 783 1193 866 βάσει
1221 799 1235 839 ⁵

181 899 317 973 σημείου
352 889 433 953 κατά
465 897 522 971 τῆς
554 887 688 964 εὐθείας
719 887 896 974 φέρεσθαι,
932 888 994 971 τήν
1025 884 1063 953 δὲ
1094 888 1194 973 βάσιν

180 993 232 1060 ἀεὶ
255 994 443 1081 φερομένην
464 995 677 1080 παράλληλον
701 992 798 1081 ἑαυτῇ
823 993 999 1079 διαμένειν,
1022 995 1060 1060 τὸ
1083 1003 1193 1060 τοιού·

180 1124 240 1167 τον
272 1110 378 1186 σχῆμα
409 1104 611 1186 τεμνόμενον
636 1100 779 1188 ἐπιπέδῳ
806 1103 1004 1188 παραλλήλῳ
1031 1111 1070 1187 τῇ
1098 1102 1193 1184 βάσει

180 1209 310 1291 ποιήσει
348 1209 449 1292 τομάς
484 1209 646 1284 τοσαύτας
681 1216 720 1294 τῇ
757 1208 852 1292 βάσει
888 1213 976 1291 ἴσας,
1017 1206 1192 1293 ἐπειδήπερ

180 1322 237 1396 τῆς
273 1315 399 1398 βάσεως
433 1314 454 1398 ή
491 1315 580 1399 φορά
615 1315 697 1380 κατά
732 1314 945 1399 παράλληλον
979 1312 1061 1400 αὐτή
1093 1311 1193 1380 θέσιν
1208 1331 1235 1370 1⁰

182 1419 325 1506 ἐφέρετο.

248 1551 276 1591 α.
290 1525 397 1591 Ἔστω
426 1527 467 1610 δή
494 1537 604 1592 κῶνον
625 1535 799 1612 μετρῆσαι,
827 1521 868 1591 οὗ
890 1524 910 1608 ή
934 1522 996 1610 μέν
1018 1526 1193 1611 διάμετρος

180 1642 238 1717 τῆς
265 1634 391 1717 βάσεως
418 1635 499 1698 ἔστω
525 1634 683 1718 μονάδων
705 1659 732 1717 ι,
759 1633 796 1698 τὸ
820 1628 858 1697 δέ
880 1631 965 1711 ύήος
986 1655 1020 1715 η.
1048 1631 1133 1710 ὕψος
1155 1628 1193 1697 δὲ

181 1749 242 1805 τοῦ
268 1741 378 1806 κώνου
400 1745 489 1806 καλῶ
512 1740 573 1823 τήν
595 1739 659 1805 άπὸ
682 1749 740 1823 τῆς
761 1746 911 1825 κορυφῆς
934 1735 987 1803 ἐπὶ
1010 1739 1071 1821 τήν
1093 1735 1193 1823 βάσιν

181 1846 325 1911 κάθετον
347 1845 523 1931 ἀγομένην,
547 1845 662 1912 ἐάντε
685 1845 789 1932 ὀρθὸς
812 1846 830 1911 ὁ
853 1855 958 1920 κῶνος
979 1844 1110 1930 ὑπάρχη
1135 1843 1193 1909 ἐάν
1208 1861 1234 1902 1⁵

181 1977 216 2018 τε
240 1956 410 2036 σκαληνός.
451 1949 634 2040 νενοήήσθω
659 1953 700 2035 δή
722 1953 901 2037 κύλινδρος
924 1949 1028 2036 ὀρθὸς
1050 1950 1114 2016 ἀπὸ
1135 1958 1193 2035 τῆς

182 2058 282 2141 αύτής
306 2060 431 2141 βάσεως
453 2067 499 2148 τῷ
522 2060 617 2146 κώνῳ
640 2059 725 2137 λίνος
748 2061 833 2142 ἔχων
855 2058 892 2122 τὸ
916 2056 996 2121 αὐτὸ
1020 2065 1066 2144 τῷ
1088 2057 1192 2145 κώνῳ.

181 2165 303 2229 τούτου
331 2166 372 2249 δή
400 2175 459 2230 τοῦ
487 2166 670 2251 κυλίνδρου
694 2165 731 2228 τὸ
755 2164 890 2250 στερεὸν
913 2165 1004 2228 ἔσται
1027 2161 1144 2228 δοθέν.
1171 2163 1192 2246 ή

182 2293 217 2335 τε
241 2272 304 2357 γάρ
328 2272 501 2357 διάμετρος
524 2271 628 2336 αὐτοῦ
650 2279 708 2354 τῆς
726 2271 852 2354 βάσεως
870 2270 1010 2335 δοθείσά
1029 2268 1120 2334 ἐστιν
1137 2268 1192 2335 καὶ
1314 2351 1316 2355 ι

80 2435 89 2456 ,
181 2378 219 2442 τὸ
242 2376 327 2455 ὕψος
347 2376 454 2443 δοδέν.
495 2375 550 2442 καὶ
569 2379 670 2459 ἔστιν,
693 2377 737 2453 ώς
756 2375 934 2460 ἐμάθομεν,
957 2377 1113 2459 μονάδων
1130 2400 1191 2460 χκη
1206 2393 1234 2434 ω

182 2477 211 2601 δ.
257 2535 327 2602 ἀλλ’
356 2534 425 2601 ἐπεὶ
447 2546 511 2613 πᾶς
533 2546 639 2612 κῶνος
661 2537 844 2622 κυλίνδρου
866 2541 979 2621 τρίτον
1001 2533 1100 2622 μέρος
1123 2533 1192 2600 ἐστὶ

181 2653 242 2709 τοῦ
260 2644 322 2727 τήν
339 2643 444 2727 αύτήν
461 2643 560 2727 βάσιν
579 2645 712 2726 ἔχοντος
726 2642 815 2729 αὐτῷ
828 2639 884 2706 καὶ
897 2639 983 2719 ὕψος
997 2647 1082 2725 ίσον,
1101 2643 1192 2706 ἐσται
1312 2679 1313 2682 =

182 2786 218 2850 τὸ
248 2786 382 2870 στερεὸν
408 2793 467 2851 τοῦ
497 2786 607 2851 κώνου
635 2785 791 2869 μονάδων
819 2791 865 2849 σθ
887 2757 930 2853 {a
980 2783 1101 2868 ὁμοίως
1130 2776 1192 2848 οὖν

181 2890 236 2957 καὶ
263 2893 450 2978 πυραμίδος
476 2893 581 2976 πάσης
609 2892 645 2956 τὸ
674 2892 808 2976 στερεὸν
836 2893 1011 2975 ληψόμεθα
1034 2890 1192 2973 δοθείσης

182 3007 239 3081 τής
266 2999 391 3082 βάσεως
418 2997 519 3080 αὐτῆς
545 2996 600 3062 καὶ
628 3007 685 3080 τῆς
708 2997 772 3062 άπὸ
794 3006 852 3080 τής
874 3005 1024 3082 κορυφῆς
1046 2993 1192 3062 καθέτου
1206 3013 1232 3054 ²5

182 3102 344 3189 ἀγομένης
368 3102 421 3169 ἐπὶ
443 3105 480 3169 τὸ
499 3113 558 3188 τῆς
576 3105 701 3189 βάσεως
720 3103 886 3186 ἐπίπεδον,
910 3101 1084 3188 ἐπειδήπερ
1103 3111 1192 3167 πᾶσα

181 3209 326 3297 πυραμὶς
348 3215 461 3297 τρίτον
484 3209 582 3296 μέρος
605 3208 673 3276 ἐστὶ
696 3219 756 3274 τοῦ
775 3218 910 3295 στερεοῦ
929 3217 988 3274 τοῦ
1007 3209 1068 3292 τήν
1086 3207 1192 3291 αύτήν

181 3317 281 3400 βάσιν
304 3319 437 3401 ἔχοντος
460 3317 542 3404 αὐτή
565 3315 620 3382 καὶ
643 3316 728 3394 ύήιος
751 3321 834 3382 ίσον.

254 3499 269 3548 9
287 3495 352 3562 post
371 3494 432 3555 λ’σοις
450 3492 522 3546 duae
540 3490 653 3546 litterae
672 3506 770 3544 erasae
843 3494 947 3543 16-17
967 3488 1023 3543 ἀπὸ
1037 3497 1086 3558 τῆς
1101 3487 1192 3558 ὀρθῆς

37 3587 92 3598 ⁴—
182 3561 300 3636 βάσεωςε
320 3565 426 3620 correxi
983 3613 986 3624 .
