2654 3868
68 1643 91 1680 p.
105 1630 144 1672 228

56 1949 96 1992 fol.
110 1950 146 1992 69τ

162 177 228 240 234
296 178 446 251 ΗΒΩΝΟΣ
464 174 733 235 mmmm
751 179 840 229 ΠΕΡΙ
857 179 1041 230 ΔΙΟΠΤΡΔΣ

161 338 216 405 καλ
239 340 296 414 τάς
319 337 510 420 ἀναλογίας·
537 340 735 424 πεπόρισται
765 340 829 425 ἀρα
855 338 876 421 ἡ
903 337 1000 414 θέσις
1028 346 1085 421 τῆς
1108 342 1177 403 ΑΒ

162 445 199 510 ἐν
221 455 291 520 τοῖς
312 445 397 529 πρὸς
418 444 503 528 ἡμᾶς
525 441 668 530 μέρεσιν.

225 549 280 615 Ἐκ
302 552 343 633 δὴ
362 561 430 616 τῶν
447 549 761 636 προδεδιδαγμένων
780 553 939 637 φανερόν,
958 551 1009 615 ὅτι
1029 552 1175 617 δυνατόν

161 655 262 740 ἐστιν,
286 659 386 739 ὄρους
404 657 621 743 ὑπάρχοντος,
645 657 757 743 εὑρεῖν
782 657 843 739 τὴν
861 656 925 722 ἀπὸ
943 665 1002 740 τῆς
1024 667 1174 744 κορυφῆς

162 763 265 828 αὐτοῦ
283 763 428 828 κάθετον
446 761 613 847 ἀγομένην
631 761 684 828 ἐπὶ
702 764 740 828 τὸ
759 762 802 827 δι’
821 762 916 847 ἡμῶν
929 762 1175 849 ἐκβαλλόμενον
1203 781 1217 822 ⁵
1297 836 1299 842 7

162 868 319 934 ἐπίπεδον
346 868 560 955 παράλληλον
586 877 633 956 τῷ
655 868 813 954 ὁρίζοντι,
842 870 887 952 μὴ
910 874 1176 954 προσεγγίσαντα

161 983 206 1061 τῷ
230 977 315 1060 ὄρει,
343 972 398 1039 καὶ
421 976 483 1059 την
506 973 563 1059 ἀφ’
591 975 837 1058 ολουδηποτοῦν
859 979 998 1059 σημείου
1020 975 1175 1062 κειμένου

162 1080 199 1146 έν
230 1088 277 1167 τῷ
309 1083 379 1165 όρει
410 1079 465 1145 καὶ
501 1080 674 1167 ὁρωμένου
712 1082 798 1164 [τὴν]
829 1080 1001 1166 ἀγομένην
1030 1083 1176 1149 κάθετον

161 1186 285 1272 εὑρεῖν·
313 1186 488 1272 ἐπειδήπερ
516 1187 686 1272 ἐμάθομεν
708 1189 770 1270 τὴν
796 1185 1013 1274 ἀπὸζπαντὸς
1036 1194 1174 1274 σημείου

162 1291 334 1379 ὁρωμένου
352 1293 496 1359 κάθετον
509 1296 724 1379 πορίσασθαι,
748 1290 803 1357 καλ
823 1293 945 1376 ὁμοίως
964 1296 1110 1360 δυνατὸν
1132 1292 1176 1379 ἦν
1191 1313 1219 1352 1⁰

162 1401 265 1483 <τὴν>
294 1398 359 1463 ἀπὸ
391 1400 513 1475 παντὸς
540 1399 722 1483 <σημείου>
754 1398 926 1486 ὁρωμένου
959 1400 996 1466 έν
1027 1411 1074 1490 τῷ
1105 1404 1176 1487 ὄρει

161 1506 307 1570 κάθετον
330 1503 496 1588 ἀγομένην
524 1503 577 1570 ἐπὶ
604 1506 641 1570 τὸ
674 1504 717 1570 δι’
755 1503 869 1592 ἑτέρου
897 1510 1035 1590 σημείου
1066 1507 1103 1572 ἐν
1128 1518 1175 1596 τῷ

162 1613 233 1697 όρει
264 1609 419 1694 κειμένου
450 1609 505 1675 καὶ
537 1611 710 1697 ὁρωμένου
743 1611 986 1696 ἐκβαλλόμενον
1018 1612 1176 1679 ἐπίπεδον

162 1718 376 1803 παράλληλον
407 1725 453 1804 τῷ
485 1717 638 1804 ὁρίζοντι.
688 1719 799 1795 ἁπλῶς
835 1719 898 1804 γάρ
936 1719 998 1785 δύο
1031 1723 1177 1804 σημείων

163 1823 336 1891 δοθέντων
354 1825 605 1907 ολωνδηποτοῦν
622 1827 662 1890 τά
679 1824 763 1890 αὐτὰ
777 1824 946 1909 ἐμάθομεν
958 1828 1176 1910 πορίσασθαι,
1192 1843 1220 1884 1⁵

163 1930 334 1996 τουτέστιν
360 1929 419 2007 τάς
446 1953 480 1995 τε
508 1929 671 2014 ἀγομένας
699 1929 752 1995 ἀπ’
780 1929 1077 2007 αὐτῶνκαθέτους
1097 1931 1101 2014 Ι
1121 1928 1177 1996 καὶ

163 2039 245 2121 <τὸ>
277 2035 396 2121 μεταξὺ
429 2036 541 2102 αὐτῶν
568 2037 731 2120 διάστημα
758 2039 796 2101 τό
823 2061 861 2120 γε
891 2038 973 2123 πρὸς
1004 2038 1177 2122 διαβήτην,

162 2142 216 2209 καλ
240 2144 284 2220 ὡς
308 2147 373 2227 ἔχει
394 2141 530 2225 θέσεως,
553 2144 597 2227 μη
619 2145 802 2228 προσιόντα
824 2154 894 2219 τοῖς
917 2146 1073 2227 σημείοις.

230 2251 272 2314 ιδ.
293 2247 493 2335 Ὀρύγματος
511 2246 673 2324 δοθέντος
689 2247 727 2312 τὸ
747 2250 854 2332 βάθος
875 2252 1002 2332 λαβεῖν·
1025 2249 1176 2318 τουτέστι
1322 2339 1323 2342 ¹

162 2356 221 2439 <τὸ
249 2354 412 2439 μέγεθος)
438 2364 497 2438 τῆς
524 2353 587 2419 άπὸ
615 2363 675 2419 τοῦ
702 2354 738 2418 ἐν
766 2362 811 2442 τῷ
833 2356 934 2439 βάθει
958 2359 1095 2439 σημείου
1117 2380 1174 2421 κα·
1189 2374 1217 2413 2⁰

161 2461 265 2528 θέτου
284 2460 447 2545 ἀγομένης
461 2457 515 2525 ἐπὶ
528 2461 566 2524 τὸ
581 2457 622 2524 δι’
642 2459 737 2544 ἡμῶν
755 2459 999 2545 ἐκβαλλόμενον
1018 2460 1176 2528 ἐπίπεδον

161 2568 376 2654 παράλληλον
397 2574 444 2654 τῷ
462 2566 617 2653 ὁρίζοντι,
640 2565 660 2649 ἢ
684 2564 738 2631 καλ
763 2566 837 2650 [ἐτι]
858 2565 911 2631 ἐπὶ
936 2568 974 2632 τὸ
994 2567 1036 2632 δι’
1061 2566 1176 2654 ἑτέρου

163 2676 300 2757 σημείου
315 2671 558 2756 ἐκβαλλόμενον
572 2670 731 2737 έπίπεδον
738 2672 953 2757 παράλληλον
961 2681 1008 2760 τῷ
1023 2673 1176 2760 ὁρίζοντι.

229 2783 311 2844 έστω
338 2779 376 2843 τὸ
405 2775 510 2843 δοθέν
537 2781 667 2863 όρυγμα
694 2778 731 2843 τὸ
759 2781 912 2843 ΑΒΓΔ·
939 2780 977 2844 τὸ
1006 2777 1037 2844 δ’
1070 2779 1107 2844 ἐν
1130 2787 1176 2868 τιβ

162 2887 262 2970 βάθει
294 2885 398 2950 αὐτοῦ
430 2895 568 2969 σημεῖον
598 2885 636 2949 τὸ
668 2889 704 2948 Β.
750 2887 874 2950 κείσθω
907 2886 949 2968 δὴ
980 2884 1001 2968 ἡ
1034 2887 1176 2970 διόπτρα
1190 2904 1217 2944 2⁵

162 2992 245 3077 πρὸς
267 2999 313 3079 τῷ
335 2996 379 3075 Δ,
402 2990 422 3074 ἣ
444 2991 528 3076 πρὸς
551 2992 639 3078 άλλη)
667 2988 735 3055 τινὶ
762 2994 898 3079 σημείῳ·
922 2993 1004 3056 ἔστω
1028 2992 1070 3076 δὴ
1093 2993 1177 3078 πρὸς
1319 2975 1324 3000 ’

162 3106 208 3185 τῷ
227 3102 267 3181 Ε,
290 3095 344 3163 καὶ
365 3100 448 3162 ἔστω
467 3101 544 3162 ΕΖ·
567 3097 585 3163 ὁ
606 3094 643 3162 δὲ
662 3096 699 3162 εὐ
717 3096 799 3182 αὐτῇ
818 3098 940 3181 κανών,
960 3095 1003 3162 δι’
1023 3092 1063 3163 οὗ
1082 3099 1177 3162 διοπ-

143 3297 145 3302 Ι
161 3205 311 3289 τεύομεν,
330 3204 348 3270 ὁ
364 3207 403 3268 Η
404 3208 445 3268 Θ·
464 3202 668 3286 ἐγκλινέσθω
686 3198 759 3286 οὖν,
777 3202 839 3278 ἕως
853 3198 893 3268 οὗ
908 3213 998 3290 φανῇ
1014 3202 1057 3268 δι’
1072 3201 1177 3268 αὐτοῦ

233 3403 250 3451 δ
274 3393 304 3451 ἐκ
328 3399 384 3451 δείε
409 3412 478 3451 corr.
492 3395 530 3449 Vi
600 3391 877 3516 προδεδιδαρμένωνε
897 3394 916 3448 f.
932 3393 1176 3463 προδεδειγμένου

198 3473 215 3522 5
239 3463 286 3523 ἐπὶ
308 3472 358 3540 τῷι
382 3483 451 3548 οοττἸ
471 3465 507 3519 Vi
588 3471 604 3519 8
628 3464 763 3588 [τὴνρνδε
775 3463 818 3517 evi
900 3469 932 3517 11
950 3464 1051 3556 ε(την)
1076 3463 1176 3517 addidi

199 3540 313 3610 σημείου
333 3539 398 3593 add.
412 3537 449 3591 V1
529 3539 594 3605 post
613 3535 673 3602 όρει
715 3551 727 3586 1
744 3532 888 3588 moerebat
907 3534 1044 3606 <εορειν>
1063 3534 1082 3589 f.
1098 3537 1175 3588 recte
