2654 3868
172 167 238 232 254
306 167 457 220 ΗΡΩΝΟΣ
475 163 741 225 ΑΔΕΞΑΝΔΡΕΩΣ
761 169 848 218 ΠΕΡΙ
865 167 1047 218 ΔΙΟΠΤΡΑΣ

172 333 285 412 τόπον,
309 331 391 394 ὥστε
415 330 560 413 εἰτύχοι
583 329 754 414 πτώματος
778 328 815 393 ἐν
836 336 883 415 τῷ
904 328 1063 416 ὑπονόμφ
1086 350 1183 410 γενη-

80 465 101 503 p.
115 457 155 496 νιο
172 435 293 512 θέντος
321 436 377 500 διδ
404 445 462 519 της
488 439 646 522 φρεατίας
673 434 900 521 ἀναφέρεσθαι
928 435 989 518 τὴν
1014 433 1099 516 ὕλην
1121 433 1184 516 τὴν

172 543 254 628 πρὸς
282 543 342 626 τὴν
369 543 537 628 κάθαρσιν
563 551 624 606 τοῦ
646 541 820 625 ὑπονόμου
846 538 901 605 καλ
929 542 990 625 την
1016 541 1099 619 πρὸς
1121 540 1183 623 τὴν

173 647 356 732 ἐπισκευήν.
384 651 465 714 ἔστω
485 649 503 714 ὁ
522 647 638 724 δοθεὶς
655 649 825 732 ὑπόνομος
843 647 861 713 ὁ
876 650 1062 711 ΑΒΓΔΕ·
1082 669 1182 732 φρεα-
1203 735 1205 740 Ι

171 758 239 820 τίαι
275 751 312 818 δέ
348 754 511 841 φέρουσαι
548 757 595 832 είς
631 755 734 820 αὐτὸν
770 756 804 819 αἱ
841 757 925 837 ΗΘ,
961 756 1042 818 ΚΛ·
1075 753 1111 818 τὸ
1144 748 1182 818 δὲ
1211 773 1228 812 σ

172 872 308 945 σημεῖον
344 863 381 925 τὸ
414 858 519 928 δοθὲν
547 861 584 927 ἐν
610 869 656 949 τῷ
686 861 860 949 ὑπονόμφ,
898 859 952 946 ἐφ’
990 859 1008 926 ὃ
1041 861 1092 926 δεῖ
1121 859 1182 943 την

171 971 332 1054 φρεατίαν
360 967 488 1052 ἐλθεῖν,
516 969 553 1033 τὸ
581 973 627 1033 Μ.
672 969 932 1052 κεχαλάσθωσαν
959 968 1098 1052 σπάρτοι
1125 966 1183 1030 διδι

170 1086 238 1139 τῶν
261 1079 300 1138 Η
303 1079 345 1158 Θ,
368 1077 438 1138 ΚΛ
461 1086 628 1161 φρεατιῶν
650 1076 736 1161 βάρη
760 1077 909 1159 ἔχουσαι,
937 1075 971 1138 αλ
993 1072 1075 1154 ΝΞ,
1100 1076 1181 1136 ΟΠ·

170 1179 226 1245 καὶ
252 1188 522 1247 κατασταθεισῶν
549 1181 660 1247 αὐτῶν
687 1181 853 1265 ἀκινήτων
879 1182 936 1246 διδι
965 1176 1027 1265 μὲν
1051 1191 1119 1245 τῶν
1138 1183 1181 1262 O,

170 1291 210 1352 N
233 1292 377 1372 σημείων
404 1287 521 1353 εὐθεῖά
548 1312 598 1364 τις
626 1289 776 1372 εἰλήφθω
803 1287 908 1374 ἐντῷ
931 1285 1040 1352 ἐπάνω
1065 1286 1181 1371 ἐδάφει
1196 1307 1225 1347 1ο

170 1393 190 1476 ἡ
216 1397 326 1458 ΟΝΡ·
351 1396 407 1460 διδ
430 1391 467 1460 δὲ
490 1405 557 1460 τῶν
577 1398 620 1478 Π,
644 1393 682 1478 Ξ,
706 1394 743 1460 ἐν
766 1403 811 1482 τῷ
832 1394 1001 1479 ὑπονόμω,
1023 1393 1043 1476 ἡ
1069 1391 1182 1475 ΠΞΣ,

170 1505 425 1585 προσπίπτουσα
449 1500 498 1566 ἑνὶ
522 1513 589 1566 τῶν
611 1511 672 1567 τοῦ
702 1502 875 1585 ὑπονόμου
897 1505 1019 1585 τοίχων
1041 1501 1122 1566 κατδι
1144 1501 1181 1564 τὸ

171 1611 216 1670 Σ·
239 1605 293 1672 καλ
317 1617 355 1694 τίη
375 1613 449 1672 ΠΣ
470 1615 524 1692 ίση
548 1610 714 1692 <κείσθω>
736 1609 756 1691 ἡ
778 1612 844 1672 ΟΡ.
881 1605 936 1672 καὶ
959 1607 1071 1690 λαβὼν
1093 1624 1182 1691 σχοι-

171 1717 247 1779 νιόν
261 1709 298 1778 εὖ
313 1713 527 1800 ἐκτεταμένον
538 1713 593 1780 καλ
602 1712 961 1802 προβεβασανισμένον,
976 1714 1060 1778 ὥστε
1069 1711 1182 1797 μηκέτι

172 1819 456 1905 ἐπεκτείνεσθαιῆ
481 1821 729 1906 συστέλλεσθαι,
752 1823 814 1905 τὴν
836 1817 897 1906 μὲν
920 1820 1026 1907 ἀρχὴν
1048 1819 1151 1886 αὐτοῦ
1176 1816 1222 1906 χιε

66 1944 154 1986 τοττν
173 1931 290 2012 τίθημι
322 1929 405 2015 πρὸς
436 1937 483 2016 τῷ
507 1933 546 1992 Σ.
592 1930 704 2011 λαβὼν
735 1927 776 1994 δέ
805 1952 837 1992 τι
867 1937 1004 2011 σημεῖον
1036 1925 1089 1992 ἐπὶ
1121 1935 1182 1991 τοῦ

171 2037 276 2099 ΑΒΓ
294 2037 408 2119 τοίχου
430 2037 468 2100 τὸ
496 2039 536 2118 Τ,
563 2033 737 2099 ἐπεκτείνω
765 2037 800 2098 τί
826 2038 975 2118 σχοινίον
1005 2031 1058 2098 ἐπὶ
1081 2035 1118 2098 τὸ
1146 2037 1181 2116 Τ,

171 2138 226 2204 καὶ
249 2139 370 2224 ὁμοίως
393 2140 447 2207 ἐπὶ
469 2143 506 2206 τὸ
528 2145 571 2224 Π,
594 2139 648 2205 καὶ
668 2141 932 2225 σημειωσάμενος
950 2141 989 2205 τδι
1007 2142 1093 2224 μήκη
1116 2151 1183 2205 τῶν

176 2249 253 2327 ΤΣ,
280 2250 351 2311 ΤΠ
374 2229 655 2333 ἐφαρμόζωιαύτδι
678 2247 716 2313 ἐν
738 2255 783 2334 τῷ
806 2245 916 2312 ἐπάνω
941 2246 1071 2330 ἐδάφει,
1099 2247 1182 2310 ὥστε

171 2350 329 2434 γενέσθαι
352 2358 516 2440 τρίγωνον
538 2355 575 2418 τὸ
599 2357 708 2438 ΡΤΟ,
736 2355 797 2437 την
824 2349 885 2438 μὲν
915 2358 978 2418 PY
1002 2359 1078 2436 ίσην
1105 2355 1222 2437 ἔχοντο

171 2469 210 2545 τῇ
234 2463 306 2542 ΤΣ,
329 2461 390 2543 την
408 2456 445 2525 δὲ
468 2463 528 2524 ΥΟ
546 2469 585 2546 τῇ
609 2464 682 2526 ΤΠ.
719 2455 789 2526 εἶτα
808 2461 911 2525 πάλιν
933 2461 1046 2544 λαβὼν
1068 2459 1183 2546 ἕτερον

172 2577 310 2651 σημεῖον
340 2567 378 2631 τὸ
407 2571 441 2630 Χ
469 2565 651 2645 ἐπεξέτεινα
678 2568 715 2632 τὸ
739 2570 904 2651 σχοινίον,
936 2569 1021 2632 ὥστε
1047 2576 1182 2650 ποιησαι

172 2675 208 2739 τὸ
245 2677 346 2738 ΤΣΧ
369 2677 545 2759 τρίγωνον·
577 2672 632 2739 καλ
663 2674 765 2740 πάλιν
797 2683 895 2738 τοῦτο
926 2673 963 2739 ἐν
994 2681 1040 2761 τῷ
1073 2672 1181 2738 ἐπάνω

172 2779 289 2865 ἐδάφει
317 2779 504 2865 ἐφαρμόζω,
532 2781 615 2846 ὥστε
642 2779 800 2863 γενέσθαι
827 2781 864 2845 τὸ
893 2785 1006 2864 PM),
1034 2781 1094 2864 την
1121 2775 1182 2864 μὲν

172 2891 236 2952 ΡΦ
255 2893 331 2970 ίσην
350 2889 427 2971 ἔχον
444 2896 484 2972 τῇ
502 2891 578 2970 ΧΣ,
601 2888 663 2970 τὴν
681 2883 718 2952 δέ
741 2891 804 2952 ΤΦ
822 2897 861 2973 τῇ
884 2891 952 2952 ΤΧ.
988 2882 1058 2952 εἶτα
1081 2887 1182 2951 πάλιν
1196 2906 1221 2946 ετ

173 2992 226 3060 ἐπὶ
253 3002 310 3077 της
336 2998 406 3058 ΣΧ
429 2996 543 3079 ἐτερον
571 2997 736 3077 τρίγωνον
763 2994 1008 3078 συστησάμενος
1035 2994 1072 3058 τὸ
1100 2992 1181 3058 αὐτὸ

173 3103 370 3185 συνίσταμαι
397 3099 451 3165 καὶ
479 3099 532 3165 ἐπὶ
559 3110 616 3184 τῆς
641 3105 717 3184 ΦΡ,
746 3102 839 3186 ὀίχρις
863 3099 905 3165 δν
928 3103 1112 3183 συνεχχίσω
1136 3108 1181 3186 τῷ

173 3211 217 3272 M
231 3211 360 3296 σημείῳ.
392 3206 447 3272 καὶ
466 3208 522 3273 ἴνα
540 3209 583 3292 μη
601 3213 924 3293 ποικιλοχραφῶμεν,
944 3205 1118 3291 ἐπιχθεῖσα
1136 3215 1181 3294 τῷ

244 3407 260 3454 4
275 3401 329 3455 ὑπο
344 3400 430 3470 νόμον
467 3405 537 3454 4-5
553 3401 673 3470 φρεατία
687 3401 719 3454 δε
730 3397 854 3468 φέρουσα
865 3397 904 3461 είς
913 3397 1026 3466 αδτδνὴ
1064 3404 1080 3452 8
1094 3418 1183 3468 φρεα-

173 3473 234 3533 τίας
289 3477 320 3524 13
341 3471 467 3541 supplevi
518 3477 550 3524 16
569 3472 653 3524 τῶΟ
703 3476 735 3524 17
754 3469 877 3524 τίελτὸ
928 3475 1032 3524 18-19
1051 3477 1105 3522 τῶν
1124 3473 1185 3523 ΠΣ

104 3554 167 3568 “··
210 3549 241 3596 21
261 3549 295 3612 τῆ
314 3546 374 3596 ΠΣ
435 3548 468 3595 23
487 3543 519 3596 τὸ
541 3545 623 3595 ΤΡΧ
682 3547 715 3594 28
735 3536 897 3610 ἐπιχθεισαε
915 3539 935 3594 f.
951 3537 1146 3609 ἐπιδειχθεῐοα
