2644 3870
181 184 244 248 112
344 186 493 238 ΗΡΩΝΟΣ
512 182 778 244 ΑΛΕΞΑΝΔΡΕΩΣ
797 187 983 238 ΜΕΤΡΙΚΩΝ
1000 189 1022 237 Β

181 350 249 411 ΘΚ
273 355 410 429 ποιήσαι
437 347 482 423 ώς
508 348 570 430 τήν
592 351 659 412 ΒΓ
681 349 764 433 πρὸς
786 353 850 412 ΕΖ
872 351 1109 433 προστεθείσης
1132 359 1191 433 τής

178 456 255 516 ΚΗ
277 454 338 535 τήν
365 455 437 517 ΘΗ
459 451 541 539 πρὸς
564 457 643 518 ΗΚ.
679 453 743 519 ’καὶ
772 455 911 540 εὑρόντα
940 452 1096 541 ἑκατέραν
1122 467 1191 521 τῶν

178 557 330 624 καθέτων
351 570 419 624 τῶν
437 562 506 623 ΗΘ
520 563 594 624 HK
613 558 689 625 καθ’
714 558 830 636 ἑαυτὰς
853 569 1010 645 μετρῆσαι
1033 558 1191 648 ἑκατέραν

178 666 362 751 πυραμίδα,
393 661 432 749 ής
463 689 498 730 τε
530 667 626 750 βάσις
652 667 690 731 τὸ
719 669 814 731 ΑΒΓ
836 665 1043 751 τρίγων<ον>
1069 666 1123 732 καὶ
1150 663 1190 751 ής

178 772 274 855 βάσις
303 773 339 837 τὸ
367 777 481 855 ΔΕΖ,
514 774 644 857 κορυφή
672 769 709 837 δὲ
736 773 773 837 τὸ
802 776 840 836 Η
864 784 1014 857 σημεῖον,
1045 771 1100 838 καὶ
1128 775 1190 856 τήν
1218 793 1231 833 ε

177 877 345 962 ὑπεροχήν
362 876 473 943 αὐτῶν
491 877 739 962 ἀποφαίνεσθαι
754 884 830 961 ίσην
845 873 989 965 εἶναιτῷ
1004 878 1188 967 ζητουμένῳ

72 1002 162 1057 ωηεν
180 992 308 1072 στερεῷ.
330 984 333 1068 λ
353 982 408 1049 καὶ
425 986 575 1049 καθόλου
595 980 631 1049 δὲ
649 993 737 1049 πᾶσα
755 982 899 1069 πυραμὶς
915 987 1076 1070 κόλουρος
1089 986 1189 1069 βάσιν

178 1093 299 1174 ἔχουσα
335 1091 532 1173 οἱανδήποτε
564 1091 718 1166 ὡσαύτως
750 1101 927 1175 μετρεῖται·
965 1089 1000 1155 έκ
1032 1092 1095 1176 γὰρ
1128 1101 1187 1156 τοῦ

179 1199 296 1279 λόγου,
333 1192 374 1262 οὗ
410 1199 477 1280 ἔχει
513 1199 572 1281 μία
607 1197 734 1282 πλευρὰ
768 1205 825 1279 τής
856 1198 982 1280 βάσεως
1013 1198 1095 1283 πρὸς
1127 1199 1187 1282 τήν

179 1302 343 1386 ὁμόλογον
373 1301 409 1367 έν
435 1311 474 1387 τή
502 1312 633 1388 κορυφή
662 1297 780 1385 οὖσαν,
808 1300 892 1384 λέγω
921 1299 958 1367 δὲ
985 1313 1024 1388 τή
1053 1301 1187 1390 έφέδρμ,
1202 1325 1230 1364 10

179 1408 394 1493 εὑρεθήσεται
416 1406 436 1490 ή
459 1408 590 1492 κορυφή
613 1417 671 1491 τής
692 1409 888 1493 πυραμίδος,
910 1403 950 1491 ής
969 1411 1079 1494 τμήμοί
1097 1409 1188 1475 ἐστιν

178 1513 198 1597 ή
226 1517 402 1599 κόλουρος,
430 1511 484 1578 καὶ
511 1512 531 1596 ή
558 1515 700 1590 κάθετος
728 1512 781 1578 έπὶ
808 1514 845 1578 τὸ
873 1523 931 1597 τής
954 1513 1095 1599 έφέδρας
1119 1515 1187 1580 έπί-

155 1619 158 1628 ‘
177 1622 290 1686 πεδον.
322 1623 452 1704 ἔχοντες
471 1615 534 1685 οὖν
551 1618 607 1685 καὶ
622 1621 684 1703 τήν
698 1618 751 1685 ἐπὶ
765 1621 826 1703 τήν
841 1618 985 1704 έφέδραν
997 1619 1103 1686 καὶτὸ
1118 1628 1188 1688 λοι-

177 1727 243 1792 πὸν
261 1725 377 1812 έξομεν
391 1727 524 1811 στερεὸν
537 1735 595 1809 τής
608 1725 874 1811 ὀποτεμνομένης
887 1729 1085 1812 πυραμίδος·
1103 1729 1186 1793 ώστε

177 1835 279 1899 πόλιν
301 1835 362 1918 τήν
385 1833 466 1917 ὅλην
488 1836 706 1919 μετρήσαντες
728 1834 898 1919 πυραμίδα
921 1833 1109 1919 ἀφελοῦμεν
1126 1836 1188 1917 τήν
1202 1855 1230 1895 1⁵

178 1937 446 2024 ἀποτεμνομένην
463 1939 518 2006 καὶ
536 1941 574 2005 τὸ
593 1941 712 2006 λοιπὸν
731 1939 1038 2025 ἀποφα[ι]νούμεθα
1054 1942 1189 2026 στερεὸν

177 2053 234 2127 τής
257 2048 422 2132 κολούρου
445 2048 637 2132 πυραμίδος.

244 2177 272 2236 η.
292 2152 398 2217 Ἔστω
431 2149 468 2217 δὲ
501 2153 635 2237 στερεὸν
664 2161 822 2239 μετρήσαι
848 2153 914 2218 ὑπὸ
942 2152 1189 2239 εὐθυγράμμων

177 2262 412 2343 περιεχόμενον
448 2257 627 2341 ἐπιπέδων,
663 2253 703 2322 οὗ
740 2260 835 2342 βάσις
867 2261 949 2323 ἔστω
982 2260 1019 2324 τὸ
1050 2261 1188 2323 ΑΒΓΔ

176 2367 520 2451 παραλληλόγραμμον
543 2363 763 2449 ὀρθογώνιον,
786 2365 917 2450 κορυφή
937 2361 975 2429 δὲ
992 2365 1030 2430 τὸ
1047 2368 1187 2430 ΕΖΗΘ
1201 2385 1229 2426 εο

176 2473 520 2557 παραλληλόγραμμον
539 2469 749 2556 ὀρθογώνιον
767 2472 840 2555 ήτοι
859 2471 975 2555 ὅμοιον
990 2478 1036 2558 τῷ
1051 2474 1188 2536 ΑΒΓΔ

176 2577 272 2662 ήμή.
317 2575 372 2642 καὶ
393 2577 517 2642 κείσθω
541 2585 579 2662 τή
603 2572 664 2660 μὲν
687 2581 751 2641 ΕΖ
774 2583 828 2660 ίση
851 2576 871 2660 ή
896 2580 979 2660 ΑΚ,
1001 2586 1041 2662 τῇ
1065 2573 1102 2642 δὲ
1125 2582 1188 2643 ΖΘ

176 2684 294 2767 ήΒΛ.
321 2681 376 2748 καὶ
403 2686 640 2767 τετμήσθωσαν
667 2684 701 2748 αἱ
724 2687 792 2748 ΒΚ
809 2686 874 2749 ΓΑ
901 2684 977 2767 δίχα
999 2694 1068 2760 τοῖς
1093 2688 1134 2767 Φ,
1157 2687 1188 2748 X

175 2788 231 2858 καὶ
258 2791 463 2875 παράλληλοι
489 2793 648 2874 ήχθωσαν
671 2791 705 2855 αλ
727 2793 761 2855 Κ
768 2795 804 2874 Τ,
825 2793 905 2874 ΦΜ,
925 2793 1001 2874 ΑΝ,
1019 2793 1086 2855 ΧΤ.
1131 2788 1187 2855 καὶ

177 2895 426 2981 ἐπεζεύχθωσαν
448 2897 481 2961 αἱ
507 2899 573 2961 ΖΚ
590 2899 659 2960 ΗΡ
673 2899 748 2961 ΑΗ
762 2899 839 2961 ΗΝ
855 2899 930 2961 ΘΝ.
974 2897 1010 2961 τὸ
1034 2897 1075 2978 δή
1099 2897 1187 2981 ελρη-
1200 2917 1228 2957 εε

176 3001 278 3087 μένον
311 3004 445 3089 στερεὸν
476 3006 566 3067 ἔσται
597 3001 880 3087 κατατετρημένον
912 3008 959 3078 είς
989 3026 1024 3067 τε
1052 3004 1187 3088 στερεὸν

176 3111 517 3194 παραλληλεπίπεδον,
550 3104 591 3174 οὗ
619 3111 715 3193 βάσις
741 3105 802 3193 μὲν
829 3110 865 3174 τὸ
893 3113 961 3173 ΑΡ
982 3111 1186 3195 παραλληλό-

176 3238 329 3300 γραμμον
351 3216 572 3301 ὀρθογώνιον,
596 3217 728 3301 κορυφή
751 3211 788 3280 δὲ
810 3216 848 3280 τὸ
871 3218 950 3299 ΕΗ,
972 3213 1027 3280 καὶ
1050 3215 1186 3301 πρίσμα,

177 3317 218 3386 οὗ
245 3323 340 3406 βάσις
366 3318 428 3407 μὲν
450 3323 486 3387 τὸ
510 3325 545 3386 K
548 3326 579 3386 Λ
600 3323 942 3408 παραλληλόγραμμον
964 3321 1185 3407 ὀρθογώνιον,
1266 3370 1268 3375 ·

247 3485 263 3534 4
279 3478 405 3562 supplevi
413 3478 469 3535 litt.
476 3477 609 3533 evanidas
643 3483 676 3531 16
686 3459 940 3558 ᾁποφαινοόμεθαε
950 3477 1056 3532 correxi
1089 3484 1121 3531 21
1133 3473 1185 3532 οὖν

31 3577 51 3594 ι
176 3550 453 3620 ροελήτοιιαε..ω,2
504 3551 855 3604 25HN:N1nras.m.2
907 3554 940 3603 28
956 3550 1026 3603 EN:
1042 3555 1184 3604 eornm
