2654 3868
171 183 236 248 190
304 185 455 238 ΗΡΩΝΟΣ
473 182 739 240 ΔΛΕΞΑΝΔΡΕΩΣ
757 186 846 237 ΠΕΡΙ
863 185 1046 238 ΔΙΟΠΤΡΔΣ

74 379 96 416 ν,
111 373 151 414 ιιι
237 350 266 430 β.
299 345 370 411 Ὅτι
407 343 444 411 δὲ
479 348 605 424 πολλάς
635 345 810 432 παρέχεται
845 353 892 435 τῷ
923 350 985 435 βίῳ
1017 350 1128 433 χρείας
1159 346 1182 431 ή

168 456 382 537 πραγματεία,
406 449 449 518 δι’
477 453 601 537 όλίγων
620 451 710 518 ἐστὶν
730 451 918 537 ἐμφανίσαι.
953 455 1036 539 πρός
1058 476 1093 518 τε
1115 454 1181 538 γὰρ

167 557 302 625 ὑδάτων
333 559 464 643 ἀγωγάς
495 558 550 625 καί
582 571 700 646 τειχῶν
726 561 928 637 κατασκευὰς
953 557 1009 624 καί
1035 557 1182 644 λιμένων

168 664 223 731 καί
246 669 370 743 παντὸς
393 667 654 752 οἰκοδομήματος
678 667 857 752 εὔχρηστος
879 667 1045 751 τυγχάνει,
1072 667 1179 732 πολλά

169 768 206 837 δέ
230 775 358 857 ὤνησεν
379 770 434 838 καί
457 775 519 857 τήν
540 771 616 859 περὶ
639 775 679 838 τά
705 772 848 859 οὐράνια
870 777 1032 860 θεωρίαν,
1060 772 1180 858 ἀναμε-
1213 792 1227 833 ι

168 889 293 966 τροῦσα
319 881 360 945 τά
388 882 448 962 [τε]
476 879 596 964 μεταξὺ
619 891 686 945 τῶν
709 879 857 966 ἀστέρων
880 879 1097 966 διαστήματα,
1124 876 1180 944 καί

168 988 208 1051 τά
243 984 320 1072 περὶ
355 993 509 1072 μεγεθῶν
545 984 601 1051 καί
637 985 878 1070 ἀποστημάτων
912 983 969 1050 καί
1002 985 1181 1064 ἐκλείψεων

167 1092 265 1176 ήλίου
303 1091 359 1158 καί
391 1095 544 1177 σελήνης·
581 1095 666 1179 πρός
697 1116 732 1158 τε
768 1093 830 1176 τήν
863 1103 931 1158 τῶν
966 1116 1180 1179 γεωγραφου-

168 1198 278 1282 μένων
295 1203 531 1285 πραγματείαν,
550 1201 674 1283 νήσους
691 1222 727 1265 τε
745 1197 801 1264 καί
818 1199 943 1282 πελάγη
960 1197 1015 1264 καί
1029 1201 1180 1265 καθόλου

167 1316 234 1372 πᾶν
262 1307 424 1390 διάστημα
451 1305 484 1384 ἐξ
513 1305 741 1390 ἀποστήματος
762 1305 791 1389 <.
806 1355 813 1370 .
828 1355 835 1370 .
851 1307 888 1390 .>.
933 1307 1092 1382 πολλάκις
1114 1307 1179 1389 γὰρ
1194 1325 1224 1365 1⁰

168 1411 322 1497 ἐμποδὼν
344 1414 476 1478 ἵσταταί
495 1436 527 1477 τι
549 1407 664 1499 εἰργον
685 1412 770 1497 ήμᾶς
792 1422 850 1497 τής
871 1412 1078 1500 προθέσεως,
1105 1414 1180 1496 ήτοι

168 1521 225 1585 διά
250 1523 418 1605 πολεμίων
444 1519 695 1605 προκατάληψιν
721 1518 742 1603 ή
771 1520 827 1585 διά
853 1521 890 1585 τὸ
918 1519 1100 1606 ἀπρόσιτον
1123 1515 1180 1582 καί

168 1628 293 1711 ἀβατον
316 1622 402 1692 εἰναι
424 1627 484 1692 τὸν
506 1629 610 1693 τόπον
632 1626 865 1713 παρεπομένου
888 1628 979 1703 τινὸς
1003 1627 1180 1709 ἰδιώματος

168 1742 314 1818 φυσικοῦ
337 1733 357 1817 ή
382 1734 544 1820 ῥεύματος
566 1732 641 1813 όξέα
663 1734 902 1818 ὑποσύροντος.
946 1729 1067 1799 πολλοὶ
1093 1739 1180 1815 γοῦν

166 1846 359 1927 πολιορκεῖν
377 1839 619 1926 ἐπιχειροῦντες
637 1843 796 1926 κλίμακας
813 1839 834 1924 ή
853 1842 1069 1925 μηχανήματα
1084 1861 1180 1903 κατα·
1194 1857 1222 1898 1⁶

167 1948 406 2032 σκευασάμενοι
429 1946 592 2013 ἐλάσσονα
614 1941 662 2012 ὧν
684 1947 746 2033 χρή
769 1945 824 2013 καί
849 1946 1180 2034 προσα<γα>γόμενοι

167 2063 237 2130 τοῖς
251 2057 393 2138 τείχεσιν
405 2054 619 2138 ὑποχειρίους
633 2051 771 2130 ἑαυτοὺς
784 2051 950 2140 παρέσχον
962 2063 1032 2130 τοῖς
1046 2051 1180 2117 ἀντιπά-

168 2164 239 2236 λοις
252 2159 556 2245 παραλογισθέντες
569 2169 608 2245 νή
627 2158 845 2246 ἀναμετρήσει
859 2171 926 2224 τῶν
939 2171 1057 2244 τειχῶν
1071 2159 1128 2224 διά
1141 2160 1180 2224 τὸ

167 2266 326 2352 ἀπείρους
348 2261 434 2332 εἰναι
456 2275 513 2350 τής
536 2267 729 2350 διοπτρικής
751 2269 981 2352 πραγματείας.
1026 2264 1092 2332 αἰεί
1114 2268 1178 2353 γὰρ

168 2372 259 2451 ἐκτὸς
296 2375 394 2450 ὄντας
426 2372 544 2458 βέλους
576 2371 772 2458 ἀναμετρεῑν
804 2373 856 2438 δελ
886 2375 926 2438 τά
957 2371 1178 2459 προειρημένα
1193 2393 1222 2432 ιο

60 2495 150 2540 ωπον
169 2477 388 2568 διαήστήματα.
1215 2507 1221 2512 ·

234 2590 407 2674 Πρότερον
430 2581 493 2652 οὖν
520 2583 694 2671 ἐνθέμενοι
720 2586 782 2668 τήν
808 2595 866 2670 τῆς
894 2587 1053 2672 διόπτρας
1081 2610 1178 2652 κατα-

167 2694 289 2777 σκευήν
312 2691 384 2776 έξής
406 2690 461 2758 καί
484 2694 541 2769 τάς
564 2695 675 2779 χρείας
697 2691 932 2777 προστάξομεν.

232 2823 262 2882 γ.
294 2798 340 2864 Ἡ
364 2802 482 2866 τοίνυν
513 2807 571 2883 τής
600 2797 774 2885 εἰρημένης
804 2800 962 2886 διόπτρας
993 2804 1177 2885 κατασκευή

72 2934 94 2971 1>-
109 2924 148 2964 ιιι
166 2906 257 2972 ἐστιν
292 2907 436 2990 τοιαύτη.
495 2907 619 2988 παγεδς
649 2909 776 2988 γίνεται
807 2907 958 2990 καθάπερ
991 2911 1176 2991 στυλίσκος,
1190 2925 1220 2966 ιο

167 3016 252 3098 έχων
275 3012 310 3078 ἐκ
332 3023 393 3079 τοῦ
416 3014 484 3078 ἀνω
508 3011 629 3099 μέρους
651 3015 776 3099 τόρμον
798 3013 1018 3098 στρογγύλον·
1040 3011 1117 3099 περὶ
1140 3009 1177 3078 δέ

166 3122 226 3186 τὸν
254 3122 379 3207 τόρμον
407 3119 594 3205 τυμπάνιον
622 3123 828 3206 περιτίθεται
859 3120 999 3204 χάλκεον
1030 3119 1107 3206 περί
1138 3121 1176 3185 τὸ

167 3225 247 3292 αὐτὸ
274 3224 413 3312 κέντρον
440 3233 486 3312 τῷ
508 3227 626 3314 τόρμηι.
671 3229 876 3311 περιτίθεται
900 3222 938 3290 δὲ
960 3225 1013 3291 καί
1036 3225 1176 3312 χοινικίς

166 3339 268 3418 χαλκή
281 3331 357 3420 περὶ
371 3334 430 3398 τὸν
448 3335 573 3420 τόρμον
591 3332 735 3409 εὐλύτως
754 3331 921 3416 δυναμένη
939 3331 1015 3419 περί
1030 3333 1174 3417 αὐτὸ<ν>

165 3439 401 3524 π<ο>λελσθαι,
429 3442 549 3525 ἔχουσα
572 3438 607 3504 ἐκ
630 3434 692 3523 μὲν
713 3448 774 3504 τοῦ
797 3439 883 3503 κάτω
906 3437 1028 3523 μέρους
1050 3441 1175 3522 τυμπά-
1189 3457 1221 3497 ιο·

166 3572 241 3614 νιον
264 3544 501 3632 ὠδοντωμένον
524 3541 674 3630 συμφυὲς
697 3544 794 3630 αὐτή,
818 3547 959 3611 ἔλασσον
980 3552 1041 3610 τοῦ
1062 3565 1175 3629 προει-
