2644 3870
166 213 228 278 138
328 215 478 268 Ηεαιεοε
497 213 763 272 mmmm
781 177 968 266 μετεικοκ
981 209 1007 263 Β
1093 224 1099 244 =

163 375 316 463 εἰρημένη
340 377 480 453 κάθετος
502 377 593 441 ἔσται
615 376 772 460 μονάδων
795 400 829 440 ια
843 372 885 440 δ’.
925 375 1027 440 πάλιν
1050 368 1172 439 οὖντὸ

163 483 309 568 ἐμβαδὸν
334 493 394 549 τοῦ
421 483 636 565 πενταγώνου
663 484 821 566 λαβόντες
846 479 902 546 καὶ
928 481 1174 546 πολλαπλασιά-

163 607 279 667 σαντες
301 588 355 656 ἐπλ
377 590 439 674 τήν
460 591 605 655 κάθετον
626 587 681 654 καὶ
703 600 770 654 τών
792 586 982 672 γενομένων
1003 587 1040 651 τὸ
1059 589 1173 672 τρίτον

162 699 319 779 λαβόντες
346 695 461 780 ἕξομεν
487 705 564 780 μιᾶς
585 696 771 780 πυραμίδος
794 694 831 759 τὸ
855 696 1000 778 στερεόν·
1028 692 1046 758 δ
1071 694 1172 758 δωδε-

161 802 236 868 κάκι
263 805 459 886 ποιήσαντες
486 801 601 886 ἕξομεν
628 803 664 868 τὸ
692 811 752 867 τοῦ
776 799 1005 886 δωδεκαέδρου
1028 801 1171 883 στερεόν.
1199 816 1214 858 ε

228 933 257 973 κ.
284 913 357 974 Τῶν
378 909 419 993 δή
439 907 475 974 ἐν
493 907 581 986 τάξει
600 919 742 992 στερεῶν
761 907 921 992 σωμάτων
938 904 1172 992 μετρηθέντων

108 1022 110 1026 ’
162 1017 303 1098 εὔλογον
324 1016 603 1100 ὑπολαμβάνομεν
624 1012 679 1080 καὶ
702 1016 742 1080 τά
765 1017 896 1098 άτακτα,
920 1005 993 1080 οἷον
1013 1011 1171 1099 ριζώδηή

161 1123 323 1207 πετρώδη,
340 1131 580 1209 παριστορήσαι
598 1131 637 1208 τή
657 1124 820 1208 μετρήσει,
837 1121 883 1198 ,ώς
901 1123 985 1186 ἐνιοι
1003 1121 1172 1205 ἱστοροῦσι

161 1229 221 1293 τὸν
235 1227 412 1314 Ἀρχιμήδη
434 1227 680 1313 ἐπινενοηκέναι
702 1229 784 1313 πρὸς
802 1229 842 1292 τά
860 1236 996 1293 τοιαῦτα
1014 1225 1171 1311 μέθοδον.

162 1337 191 1400 εἰ
222 1332 283 1420 μέν
314 1337 378 1422 γάρ
411 1336 638 1420 εὐμετάφορον
670 1341 720 1419 εἴη
752 1335 789 1399 τὸ
819 1333 941 1418 μέλλον
968 1340 1170 1420 μετρεῖσθαι,
1185 1353 1214 1392 10
1250 1387 1256 1398 ,

162 1443 272 1525 δεήσει
291 1441 513 1527 δεξαμενή<ν>
526 1443 633 1525 πάντη
647 1441 860 1526 ὀρθογωνίαν
873 1443 1056 1526 ποιήσαντα
1071 1441 1171 1504 δυνα-

161 1548 265 1634 μένην
292 1548 465 1631 δέξασθαι,
494 1547 511 1613 δ
539 1550 732 1631 βουλόμεθα
754 1554 973 1633 μετρηθῆναι,
1000 1551 1172 1632 πληρώσαι

160 1655 282 1731 ὕδατος
304 1653 358 1720 καὶ
383 1654 537 1740 ἐμβαλεῖν
559 1655 596 1719 τὸ
616 1656 756 1720 άτακτον
775 1665 875 1738 σῶμα.
917 1655 1020 1736 δῆλον
1038 1653 1079 1737 δή
1099 1647 1171 1736 οὖν,

161 1763 212 1828 ότι
243 1763 509 1848 ὑπερχυθήσεται
540 1762 577 1825 τὸ
609 1761 702 1846 ὕδωρ
733 1758 788 1826 καὶ
820 1761 981 1826 τοσοῦτόν
1010 1783 1061 1843 γε,
1094 1759 1171 1835 ὅσος

162 1865 252 1933 ἐστὶν
274 1867 292 1933 δ
315 1877 375 1932 τοῦ
399 1866 622 1952 ἐμβληθέντος
646 1869 795 1952 σώματος
817 1867 864 1942 εἰς
887 1866 923 1931 τὸ
947 1864 1039 1951 ὕδωρ
1063 1867 1170 1948 ὄγκος,
1186 1883 1213 1924 15

161 1973 358 2060 ἐξαρθέντος
379 1984 439 2040 τοῦ
463 1975 612 2058 σώματος
633 1975 736 2039 πάλιν
759 1972 794 2038 ἐκ
816 1981 873 2056 τῆς
891 1971 1069 2057 δεξαμενής
1086 1971 1172 2036 ἐλλι-

160 2077 218 2157 πὲς
241 2083 339 2146 ἔσται.
385 2082 603 2166 μετρήσαντες
625 2075 689 2146 οὖν
711 2081 770 2144 τὸν
791 2076 1051 2163 ἐκκεκενωμένον
1068 2080 1172 2143 τόπον

53 2205 144 2247 επεν
162 2187 426 2272 άποφανοόμεθα
448 2187 610 2253 τοσούτου
631 2187 635 2270 Ι
656 2182 741 2252 εἶναι
764 2186 801 2250 τὸ
823 2185 957 2271 στερεὸν
975 2193 1035 2250 τοῦ
1054 2183 1171 2269 ἐμβλη-

159 2288 279 2369 θέντος
307 2295 465 2378 σώματος.
508 2293 527 2377 ή
555 2291 610 2358 καὶ
639 2295 746 2369 άλλως
768 2293 914 2357 δυνατόν
937 2290 1006 2357 ἐστι
1028 2291 1065 2355 τὸ
1089 2289 1170 2354 αὐτὸ

160 2409 330 2485 μετρῆσαι·
372 2399 430 2464 ἐὰν
467 2401 531 2484 γάρ
567 2403 788 2484 προσπλασθή
825 2399 861 2464 τὸ
901 2399 1041 2468 άτακτον
1078 2391 1170 2481 σῶμα
1185 2417 1212 2457 εο

159 2513 249 2594 κηρῷ
271 2505 292 2590 ή
315 2511 419 2594 πηλῷ,
443 2507 526 2571 ὥστε
548 2505 706 2589 γενέσθαι
729 2500 918 2591 άποκρυβέν
939 2504 1046 2587 πάντη
1069 2503 1171 2588 ὀρθο-

159 2614 298 2696 γώνιον,
326 2611 380 2677 καὶ
408 2622 506 2679 τοῦτο
534 2612 753 2697 μετρήσαντες
780 2609 953 2696 ἀφέλωμεν
980 2611 1039 2675 τὸν
1062 2609 1171 2694 πηλὸν

159 2718 214 2784 καὶ
232 2720 444 2805 ὀρθογώνιον
461 2719 645 2795 πλάσαντες
663 2717 910 2803 ἐκμετρήσωμεν
927 2715 982 2781 καὶ
997 2714 1171 2801 ἀφέλωμεν

160 2825 224 2892 άπὸ
261 2835 322 2891 τοῦ
358 2828 521 2911 πρότερον
557 2823 778 2909 μετρηθέντος
811 2824 848 2889 τὸ
881 2825 1170 2907 καταλειπόμενον,

160 2933 425 3018 άποφανοόμεθα
456 2933 493 2996 τὸ
525 2941 585 2997 τοῦ
618 2930 767 3015 σώματος
799 2932 945 3015 στερεόν·
976 2939 1015 3016 τῇ
1046 2925 1083 2993 δέ
1109 2937 1170 2994 τοῦ
1185 2947 1211 2988 25

158 3040 424 3125 περιπλάσματος
446 3039 575 3125 μεδόδω
598 3042 743 3123 χρῆσθαι
766 3038 818 3102 δεῖ
840 3034 893 3101 ἐπὶ
915 3047 983 3102 τῶν
1005 3035 1049 3120 μή
1069 3037 1169 3101 δυνα-

159 3144 269 3232 μένων
290 3149 528 3230 μετατίθεσθαι
552 3145 720 3228 σωμάτων.

231 3328 245 3375 1
264 3323 293 3375 ιδ
306 3320 344 3375 δί
360 3317 466 3373 correxi
535 3324 566 3372 11
582 3314 734 3386 δεξαμένης
750 3315 857 3371 correxi
925 3323 957 3370 16
973 3319 1047 3372 οἴους
1062 3315 1170 3372 correxi

195 3393 319 3462 σώματος
342 3407 376 3445 ex
395 3389 499 3453 όδατος
516 3389 567 3445 feo.
582 3406 619 3444 m.
635 3395 649 3442 1
718 3393 756 3444 ,17
777 3383 899 3456 ἐλλιπὴςι
919 3387 1025 3442 correxi
1097 3393 1131 3442 20
1149 3387 1168 3442 f.

158 3467 337 3532 περιπλαοθῇ
406 3468 438 3515 22
455 3458 608 3542 ἀφέλομενε
623 3459 729 3514 correxi
795 3455 963 3528 27Ἥρωνος
973 3457 1169 3529 Ἀλεξανδρέως

147 3536 288 3610 μέτρησις
306 3542 424 3602 στερεῶν
443 3530 608 3601 subscnpsit
625 3549 660 3585 m.
677 3536 691 3582 1

559 3641 771 3650 ....-.-.-.-——--—-
