2644 3870
160 174 223 240 100
322 177 471 228 ΗΡΩΝΟΣ
490 177 754 233 ΑΛΕΞΑΝΔΡΕΩΣ
772 176 957 228 ΜΕΤΡΙΚΩΝ
975 178 997 226 Β

158 333 263 402 δοθὲν
286 338 349 422 άρα
371 335 426 401 καὶ
448 339 485 401 τὸ
505 300 912 402 ΑΒΓΔΕΖΗΚΛΜΝ.
949 339 1032 402 ὥστε
1055 338 1165 421 δεήσει

158 445 302 526 λαβόντα
324 444 361 508 τὸ
385 443 529 528 ἐμβαδὸν
551 453 611 508 τοῦ
630 447 835 509 ΑΒΓΔΕΖ
858 441 1024 526 ἑξαγώνου
1044 448 1166 508 πολλα-

158 551 336 615 πλασιάσαι
368 547 421 614 ἐπὶ
452 552 514 634 την
543 549 718 635 εἰρημένην
744 551 901 633 κάθετον,
933 547 1080 615 τουτέστι
1107 551 1166 626 τάς

158 2336 179 2422 η
210 2338 371 2422 μονάδας,
408 2335 463 2402 καὶ
495 2337 656 2402 τοσούτου
687 2339 724 2401 τὸ
757 2337 891 2422 στερεὸν
921 2337 1167 2422 ἀποφήνασθαι.

158 2442 213 2509 καὶ
255 2444 329 2508 οἵαν
370 2442 399 2507 δ’
441 2442 483 2507 δν
521 2444 578 2528 ἔχη
615 2443 713 2526 βάσιν
749 2442 786 2506 τδ
825 2443 972 2528 στερεὸν,
1013 2444 1169 2521 ὡσαύτως
1195 2460 1208 2502 ⁵

158 2559 332 2636 μετρεῖται.

53 2687 142 2732 πίεν
227 2676 256 2739 δ.
276 2672 399 2757 λ’Έστω
427 2675 566 2758 πρίσμα,
595 2668 635 2737 οὗ
662 2673 759 2756 βάσις
785 2671 846 2758 μέν
873 2673 942 2738 ε’στι
969 2675 1005 2738 τὸ
1032 2679 1169 2740 ΑΒΓΔ

159 2782 516 2866 παραλληλόγραμμον,
552 2780 684 2864 κορυφὴ
720 2775 758 2844 δὲ
789 2779 809 2862 ἡ
841 2783 905 2844 ΕΖ
936 2779 1061 2854 εὐθεῖα.
1114 2780 1176 2850 καὶ,

160 2890 242 2954 ἔστω
265 2887 285 2970 η
304 2882 366 2971 μὲν
384 2890 449 2950 ΑΒ
469 2886 625 2970 μονάδων
644 2910 666 2969 ι,
688 2885 708 2968 η
729 2881 766 2950 δδ
784 2889 852 2950 ΒΓ
865 2887 1022 2971 μονάδων
1039 2912 1070 2972 η,
1093 2886 1113 2971 η
1132 2884 1169 2952 δὲ
1316 2973 1317 2980 ¹

161 2993 225 3060 άπὸ
248 3002 306 3077 τῆς
323 2996 387 3056 ΕΖ
409 3002 558 3078 κορυφῆς
580 2992 721 3068 κάθετος
744 2990 888 3076 ἀγομένη
912 2990 965 3057 ἐπὶ
984 2994 1021 3058 τὸ
1040 2996 1170 3058 ΑΒΓΔ
1183 3011 1208 3051 1⁰

162 3099 318 3165 ἐπίπεδον
336 3101 418 3164 ἔστω
437 3100 593 3183 μονάδων
611 3119 638 3163 ε·
658 3098 769 3184 εὑρεῖν
786 3099 823 3163 τὸ
843 3100 978 3185 στερεὸν
996 3109 1056 3164 τοῦ
1074 3104 1169 3187 πρίσ-

161 3229 269 3291 ματος.
322 3205 616 3291 συμπεπληρώσθω
652 3205 689 3269 τὸ
722 3206 1003 3270 ΑΒΓΔΕΖΗΘ
1036 3206 1170 3292 στερεὸν

160 3311 501 3398 παραλληλεπίπεδον·
541 3312 578 3376 τὸ
618 3311 682 3395 άρα
717 3312 1000 3375 ΑΒΓΔΕΖΗΘ
1036 3313 1170 3398 στερεὸν

161 3419 490 3506 παραλληλεπίπεδον
517 3417 693 3482 διπλάσιόν
721 3415 789 3480 ἐστι
811 3425 872 3481 τοῦ
893 3417 1168 3502 ΑΒΓΔΕΖ[Η]

92 3508 351 3610 Αοίσματος.
399 3519 504 3589 δοθὲν
535 3519 573 3588 δὲ
602 3522 640 3586 τὸ
668 3522 801 3607 στερεὸν
827 3522 1169 3607 παραλληλεπίπεδον·
1182 3541 1208 3582 ιε
