2606 3868
154 186 195 250 76
319 188 469 241 muoz
487 187 753 246 ΑΔΕΞΑΝΔΡΕΩΣ
773 190 1000 242 ΜΕΤΡΙΚΩΝΔ

152 351 189 414 τὸ
218 347 247 414 δ’
276 349 356 414 αὐτὸ
384 349 439 414 καὶ
467 349 525 415 ἐὰν
550 351 655 426 οὕτως
678 353 873 435 ποιήσωμεν.
920 352 1044 426 σύνθες
1066 351 1106 415 τά
1129 351 1165 415 ιδ

152 453 207 519 καὶ
234 458 274 520 τά
302 460 330 534 ζ·
362 451 410 520 ὧν
437 457 538 541 ἡμισυ
561 461 708 540 γίγνεται
735 465 782 533 aL·
815 456 867 522 ἐπὶ
894 459 934 522 τά
957 461 985 537 ζ·
1017 460 1165 540 γίγνεται

153 568 232 644 ογί.
278 561 333 627 καὶ
359 565 396 628 τὸ
425 563 488 629 άπὸ
516 574 573 648 τῆς
595 564 744 649 ἡμισείας
772 575 828 649 τῆς
855 564 981 649 βάσεως
1007 564 1165 649 μονάδων

152 675 210 752 μθ.
240 670 368 737 τούτων
386 673 536 736 καθόλου
553 672 590 736 τὸ
610 669 667 735 ιδ·
689 674 837 754 γίγνεται
856 678 911 754 γή.
943 680 1046 736 ταῦτα
1064 673 1164 757 πρόσ-

152 781 212 850 θες
235 786 304 851 τοῖς
327 784 410 859 ογί·
442 782 590 860 γίγνεται
613 781 656 857 οζ.
690 778 792 864 ταύτῃ
816 773 879 843 οὖν
901 787 939 863 τῇ
959 777 1069 865 ἐφόδφ
1087 781 1164 863 χρή·
1193 796 1209 836 ⁵

153 889 278 947 σασθαι
300 884 352 947 δεί
374 881 427 947 ἐπὶ
450 895 517 948 τών
536 883 725 949 ἐλασσόνων
747 894 807 950 τοῦ
825 884 1023 968 ἡμικυκλίου
1041 884 1164 967 τμημά-

152 1009 231 1060 των·
260 987 300 1052 οὐ
324 988 436 1072 μέντοι
460 989 513 1055 ἐπὶ
535 993 658 1067 παντὸς
680 994 845 1076 τμήματος
871 992 973 1056 πάλιν
999 988 1054 1054 καὶ
1082 989 1163 1072 αὕτη

153 1093 289 1177 ἁρμόσει
316 1094 336 1178 ἡ
366 1098 501 1180 ἔφοδος,
529 1097 600 1162 ἀλλ’
636 1099 715 1162 όταν
741 1097 762 1180 ἡ
790 1099 885 1181 βάσις
913 1106 973 1162 τοῦ
1000 1098 1164 1181 τμήματος

152 1201 196 1284 μή
223 1205 343 1285 μείζων
369 1195 391 1289 ἡ
417 1203 437 1286 ἡ
460 1209 579 1289 τριπλῆ
607 1213 664 1287 τὴς
689 1202 846 1269 καθέτου·
875 1202 948 1268 ἐπεί
968 1227 1033 1286 τοι,
1062 1201 1120 1266 ἐάν
1142 1201 1163 1284 ἡ

152 1308 248 1390 βάσις
272 1300 291 1394 ᾖ
312 1310 469 1393 μονάδων
492 1308 523 1392 ξ,
554 1309 575 1392 ἡ
606 1307 643 1374 δέ
665 1311 806 1385 κάθετος
828 1334 863 1393 α,
891 1312 981 1375 ἔσται
1008 1310 1045 1373 τὸ
1073 1331 1163 1389 περι·
1179 1329 1208 1366 10
1243 1317 1248 1326 ’

153 1415 310 1497 ἐχόμενον
342 1424 448 1498 σχῆμα
482 1416 638 1498 μονάδων
669 1414 700 1499 ξ,
737 1415 755 1480 ὃ
788 1416 830 1498 δὴ
861 1418 971 1499 μεῖζόν
1003 1415 1072 1480 ἐστι
1103 1423 1163 1480 τοῦ

153 1522 324 1604 τμήματος.
377 1521 498 1585 τούτου
538 1518 575 1585 δὲ
612 1523 723 1605 μεῖζόν
755 1520 822 1586 ἐστι
854 1523 892 1586 τὸ
925 1520 967 1586 ιδ
1006 1530 1066 1586 τοῦ
1099 1520 1162 1584 άπὸ

152 1635 210 1710 τής
236 1627 385 1711 ἡμισείας
415 1635 472 1709 τῆς
498 1627 635 1709 βάσεως·
671 1629 739 1692 ἐστι
766 1629 829 1712 γάρ
860 1626 1016 1711 μονάδων
1043 1625 1082 1704 ξδ
1109 1624 1161 1691 ιδ.

153 1735 236 1798 ώστε
264 1733 324 1799 οὐκ
353 1731 406 1798 ἐπὶ
437 1735 560 1809 παντὸς
590 1737 756 1818 τμήματος
787 1733 923 1819 ἁρμόσει
954 1733 975 1816 ἡ
1008 1731 1163 1819 εἰρημένη

153 1842 288 1924 ἔφοδος,
313 1839 397 1924 ἀλλ’,
421 1841 465 1916 ώς
488 1846 629 1926 είρηται,
657 1841 737 1905 ὅταν
763 1840 783 1924 ἡ
812 1841 907 1924 βάσις
934 1850 992 1924 τῆς
1018 1838 1163 1904 καθέτου
1179 1859 1208 1898 15

152 1948 196 2031 μὴ
225 1950 342 2030 μείζων
370 1938 390 2032 ἡ
417 1945 437 2029 ἡ
466 1951 595 2031 τριπλῆ.
641 1945 699 2011 ἐάν
729 1943 766 2011 δὲ
793 1938 815 2032 ἡ
840 1949 959 2030 μείζων
985 1945 1005 2028 ἡ
1033 1950 1163 2030 τριπλὴ,

153 2063 192 2138 τῇ
216 2051 288 2136 ἐξὴς
312 2051 422 2139 ἐφόδφ
445 2055 645 2139 χρησόμεθα.

221 2161 269 2240 λβ.
303 2162 380 2222 Πάν
406 2167 515 2242 τμὴμα
542 2159 666 2223 κύκλου
692 2161 803 2243 μεῖζόν
831 2157 921 2223 ἐστιν
947 2159 967 2242 ἡ
997 2157 1163 2244 ἐπίτριτον

153 2266 319 2351 τριγώνου
337 2273 397 2329 τοῦ
415 2266 476 2348 τήν
494 2264 599 2347 αὐτήν
616 2265 715 2347 βάσιν
738 2267 871 2348 ἔχοντος
889 2265 978 2352 αὐτῷ
1001 2263 1055 2329 καὶ
1078 2264 1164 2342 ὕψος
1299 2347 1300 2350 ἡ

47 2384 136 2425 f01·84'
154 2377 237 2435 ίσον.
282 2373 364 2435 ἐστω
396 2380 504 2455 τμὴμα
533 2371 657 2435 κύκλου
685 2371 721 2435 τὸ
743 2369 746 2456 ἡ
769 2373 872 2434 ΑΒΓ
889 2369 945 2435 καὶ
972 2371 1036 2436 άπὸ
1063 2370 1163 2456 μέσής
1177 2391 1208 2430 ευ

154 2487 211 2560 τῆς
238 2480 309 2541 ΑΓ
330 2478 412 2562 πρὸς
440 2477 546 2561 ὀρθάς
572 2479 666 2560 ήχθω
694 2477 714 2560 ἡ
742 2481 808 2541 ΔΒ
831 2475 886 2541 καὶ
915 2476 1164 2562 ἐπεζεύχθωσαν

154 2586 189 2649 αἱ
213 2589 279 2648 ΑΒ
303 2587 373 2648 ΒΓ.
420 2582 503 2665 λέγω
532 2584 582 2649 ὅτι
609 2585 646 2648 τὸ
675 2587 778 2669 ΑΙΒΓ
801 2592 909 2668 τμὴμα
936 2587 1046 2668 μεῖζόν
1074 2584 1164 2649 ἐστιν

154 2690 174 2773 ἡ
198 2690 364 2777 ἐπίτριτον
388 2699 447 2755 τοῦ
461 2693 568 2754 ΑΒΓ
585 2691 762 2775 τριγώνου
786 2693 1022 2774 τετμήσθωσαν
1042 2692 1105 2775 γάρ
1129 2693 1163 2755 αἱ

155 2801 219 2860 ΑΒ
243 2799 310 2860 ΒΓ
330 2795 535 2882 περιφέρειαι
563 2799 639 2881 δίχα
664 2799 746 2862 κατά
773 2798 813 2862 τά
836 2801 879 2880 Ε,
905 2801 932 2860 Ζ
955 2796 1010 2862 καὶ
1038 2796 1163 2875 ἐπεζεύ-

153 2910 291 2987 χθωσαν
314 2905 348 2968 αἱ
366 2908 434 2967 ΑΕ
455 2908 517 2967 ΕΒ
537 2907 600 2967 ΒΖ
625 2907 693 2968 ΖΓ.
734 2905 770 2968 τὸ
795 2905 859 2990 άρα
878 2906 982 2967 ΑΒΓ
1000 2907 1164 2989 τρίγωνον
1177 2923 1205 2961 2⁵

155 3012 290 3074 ἔλαττόν
313 3008 403 3075 ἐστιν
425 3009 445 3093 ἡ
468 3013 706 3096 τετραπλάσιον
726 3021 793 3076 τῶν
811 3014 911 3074 ΑΕΒ
930 3012 1032 3073 ΒΖΓ
1046 3012 1163 3095 τριγώ-
1205 3075 1207 3082 ⁴

155 3141 232 3181 νων.
282 3119 362 3182 ἔστω
391 3113 453 3182 οὖν
479 3126 525 3204 τῷ
552 3114 614 3202 μέν
640 3120 744 3181 ΑΒΓ
766 3117 916 3204 τριγώνῳ
945 3122 1019 3182 ίσον
1054 3117 1092 3181 τὸ
1129 3120 1168 3180 Η

155 3227 291 3309 χωρίον,
320 3234 389 3299 τοῖς
412 3219 449 3288 δέ
473 3228 575 3287 ΑΒΕ
595 3226 697 3287 ΒΖΓ
720 3224 896 3309 τριγώνοις
923 3229 999 3288 ίσον
1025 3224 1062 3288 τὸ
1089 3226 1161 3288 ΘΚ.

155 3332 191 3394 τὸ
211 3331 275 3412 άρα
290 3334 327 3394 Η
341 3339 400 3395 τοῦ
422 3333 490 3394 ΘΚ
506 3332 641 3395 ἔλαττόν
655 3328 777 3411 ἐστινὴ
792 3329 1040 3414 τετραπλάσιον,
1060 3330 1163 3411 <....>

228 3495 240 3541 1
257 3487 421 3550 σννθὲντεςι
437 3504 504 3541 corr.
515 3487 639 3554 Heiberg
699 3491 715 3537 4
729 3483 764 3538 τὰ
779 3483 828 3538 ιδ’;
843 3483 949 3538 correxi
1009 3491 1041 3537 16
1056 3488 1162 3554 μείζονι

55 3592 122 3610 Α..
155 3559 262 3612 correxi
307 3565 341 3613 23
356 3555 505 3626 ἐπίτριτοςι
522 3574 588 3610 corr.
599 3562 662 3610 ωτι
708 3561 742 3609 ‘28
756 3564 805 3609 τοῦ
821 3557 887 3609 M:
903 3555 1022 3622 correxi;
1037 3555 1086 3608 τὸν
1100 3563 1162 3609 m.2
