2654 3868
167 182 235 248 240
304 183 454 238 ΗΡΩΝΟΣ
472 178 739 241 ΔΛΕΞΔΝΔΡΕΩΣ
753 183 846 235 ΠΕΡΙ
864 184 1048 237 ΔΙΟΠΤΡΑΣ

170 343 213 410 ὐιν
236 345 295 408 θινὶ
315 352 372 426 τής
394 344 488 428 πρὸς,
503 343 610 429 ὀρθὰς
632 338 758 420 θέσεως
785 351 845 426 τοῦ
868 345 1009 421 κανόνος
1032 353 1121 430 φανή
1145 345 1184 409 τὸ

170 455 203 514 A
218 460 361 534 σημεῖον.
389 447 561 533 πεφηνέτω
576 449 771 534 <οὐσηςῑτής
785 451 944 536 θιόπτρας
957 452 1039 516 κατὰ
1053 449 1090 514 τὸ
1106 451 1183 535 Μ>·

167 558 261 620 ’ἔσται
289 555 330 638 δή
358 553 378 638 ἡ
406 557 483 619 MA
510 554 573 620 καλ-
594 553 646 620 έπλ
674 557 735 640 τήν
762 559 832 621 ΚΛ
857 557 1007 633 κάθετος.
1051 554 1106 621 καὶ
1134 581 1184 622 νε-

167 663 306 747 νοήσθω
329 659 549 745 ἐκβεβλημένη
576 661 596 744 ἡ
621 665 684 726 ΕΒ
708 660 761 726 ε’πλ
788 661 826 726 τὸ
854 666 902 746 N,
925 661 980 727 καὶ
1003 660 1052 728 έιί
1080 662 1185 747 αὐτὴν

166 757 311 852 ,κάθετος
333 766 353 849 ή
377 771 458 850 ΔΝ,
499 768 650 847 δυνατὸν
672 769 714 851 δή
738 767 828 833 ἐστιν
851 767 887 833 ἐκ
911 780 979 846 τῶν
1001 773 1079 853 ΕΖ,
1104 773 1142 834 Η
1145 774 1184 852 Θ,
1213 786 1227 825 ⁵

166 863 240 941 ,ΚΛ
254 872 509 955 ἐπιλογίσασθαι
521 873 618 956 ἡλίκη
633 872 725 939 ἐστὶν
737 874 757 957 ή
772 878 854 959 ΔΝ,
872 875 982 961 ὥσπερ
996 874 1185 960 ἐποιοῦμεν,

78 1015 99 1052 p.
114 1002 153 1042 τοι
172 979 226 1044 ὅτε
255 979 316 1062 τήν
346 979 410 1044 ἀπὸ
440 981 564 1057 παντὸς
594 983 731 1065 σημείου
759 979 812 1045 ἐπὶ
845 980 959 1068 ἕτερον
991 980 1186 1068 ἀθεώρητον
1219 961 1237 991 ⁸
1299 1046 1302 1051 ,

171 1085 431 1171 έπεζευγνύομεν
454 1087 603 1152 εὐθεῖαν
627 1087 749 1172 ὁμοίως
767 1083 805 1152 δὲ
822 1086 878 1153 καὶ
896 1089 958 1172 τήν
976 1092 1050 1153 ΒΝ
1063 1087 1099 1152 έκ
1118 1099 1186 1152 τῶν

171 1196 245 1275 ΒΕ,
266 1195 343 1275 ΖΗ,
364 1193 440 1276 ΘΚ,
460 1196 536 1257 ΛΔ.
573 1193 729 1279 εὐρήσθω
748 1184 821 1277 οὐν,
840 1194 870 1258 εί
888 1195 993 1278 τύχοι,
1015 1201 1185 1279 πενταπλῆ

171 1297 191 1380 ή
211 1301 284 1362 ΒΝ
297 1308 355 1382 τής
373 1302 457 1362 AN·
479 1297 535 1364 καὶ
559 1297 788 1383 ἐπιζευχθεῖσα
805 1299 826 1382 ἡ
846 1303 913 1379 BA
935 1304 1110 1385 νενοήσθω
1134 1300 1185 1366 ε’κ-
1200 1317 1227 1356 1⁰

170 1402 355 1488 βεβλημένη
380 1402 433 1468 ἐπὶ
455 1405 492 1469 τὸ
516 1403 564 1488 Ξ,
586 1403 641 1470 καὶ
669 1403 723 1470 ἐπὶ
750 1405 811 1489 τήν
834 1409 901 1470 ΒΕ
927 1407 1068 1483 κοίθετος
1090 1409 1185 1491 ήχθω

168 1509 191 1594 ἡ
220 1509 294 1583 ΞΟ·
323 1510 445 1594 ὁμοίως
472 1507 510 1575 δὲ
537 1509 592 1575 καὶ
617 1511 641 1594 ἡ
671 1515 738 1574 ΒΔ
765 1513 939 1596 νενοήσθω
964 1511 1185 1597 ἐκβεβλημένη

171 1614 225 1680 έπλ
248 1617 285 1681 τὸ
307 1621 351 1700 Π,
373 1614 428 1681 καὶ
451 1615 591 1693 κάθετος
615 1615 668 1686 έπλ
690 1618 751 1701 τήν
775 1616 893 1699 ΔΜή
919 1621 1001 1681 IIP‘
1029 1620 1120 1684 ἔσται
1143 1621 1185 1703 δή
1224 1606 1226 1609 ’

172 1721 293 1807 ὁμοίως
319 1723 536 1806 πενταπλήή
564 1720 626 1808 μὲν
654 1726 718 1787 ΒΟ
747 1733 805 1807 τής
834 1722 910 1807 ΟΞ,
938 1720 1024 1814 ήψόέ-
1043 1715 1111 1788 ΔΡ
1129 1733 1187 1808 τής

172 1833 245 1893 ΡΠ.
291 1832 449 1912 λαβόντες
472 1823 534 1894 οὐν
558 1828 611 1894 έπλ
634 1839 692 1913 τής
710 1833 779 1894 ΒΕ
800 1840 937 1914 σημεῖον
960 1831 1062 1913 τυχὸν
1085 1831 1122 1895 τὸ
1147 1835 1228 1914 O,1⁵

171 1934 334 2022 καὶπρὸς
360 1935 467 2021 ὀρθὰς
494 1935 673 2018 ἀγαγόντες
700 1937 765 2020 τήν
790 1934 853 2008 ΟΞ
874 1945 912 2022 τῇ
936 1940 965 2001 Β
972 1939 1017 2020 0,
1037 1936 1188 2022 πέμπτον

172 2039 271 2127 μέρος
301 2044 451 2126 θήσομεν
483 2043 544 2126 τήν
572 2041 636 2114 ΟΞ
665 2050 723 2124 τής
750 2045 823 2106 ΒΟ.
872 2041 928 2107 καὶ
960 2045 1050 2107 έσται
1076 2043 1097 2126 ή
1125 2043 1191 2117 ΒΞ

173 2149 317 2212 νεύουσα
340 2146 393 2212 ἐπὶ
415 2149 453 2212 τὸ
473 2152 515 2213 Β·
539 2147 660 2237 ὁμοίως
683 2148 725 2231 δή
747 2148 849 2213 ποίλιν
871 2157 929 2231 τής
951 2153 1021 2212 AP
1038 2134 1188 2234 πέμπτον

172 2250 271 2338 μέρος
293 2251 410 2330 θέντες
432 2255 493 2336 τήν
518 2258 598 2337 ΠΡ,
622 2253 738 2337 ἕξομεν
764 2255 826 2338 τήν
848 2258 926 2318 ΛΠ
943 2255 1110 2320 νεύουσαν
1133 2253 1187 2319 ἐπὶ

172 2360 210 2423 τὸ
233 2364 274 2422 A.
320 2358 518 2445 θιορύξομεν
545 2355 608 2424 οὐν
635 2358 699 2423 ὐπὸ
727 2355 789 2443 μὲν
815 2369 876 2424 τοῦ
899 2364 928 2425 Β
950 2369 1127 2437 ποιοῦντες
1148 2363 1185 2425 τὸ
1201 2377 1228 2416 2⁰

173 2467 303 2551 ὐρυγμα
328 2463 376 2530 ἐπ’
411 2464 545 2540 εὐθείας
572 2473 629 2548 τής
657 2464 733 2549 ΒΞ,
762 2464 825 2530 ὐπὸ
856 2461 894 2530 δὲ
916 2475 977 2531 τοῦ
1000 2470 1033 2528 A
1055 2464 1104 2530 ἐπ’
1133 2467 1186 2532 εὐ-

172 2574 269 2646 θείας
291 2579 349 2654 τής
367 2575 447 2634 ΔΠ.
484 2573 611 2653 γίνεται
629 2567 667 2636 δὲ
690 2572 809 2637 λοιπὸν
832 2572 868 2636 τὸ
893 2573 1022 2657 ὄρυγμα
1044 2574 1187 2649 κανόνος

173 2676 441 2764 παρατιθεμένου
474 2675 527 2742 ἐπὶ
558 2685 616 2760 τής
644 2675 826 2764 εὑρημένης
858 2677 992 2754 εὐθείας
1024 2687 1081 2761 τής
1114 2677 1187 2762 ΞΒ,

173 2787 247 2868 ήτοι
270 2782 324 2848 ἐπὶ
347 2793 404 2868 τῆς
424 2788 505 2866 HA,
528 2783 548 2867 ή
571 2781 626 2848 καὶ
645 2782 694 2848 ἐπ’
716 2782 887 2870 ἀμφότερα
904 2786 944 2848 τόι
962 2779 1053 2871 μέρη.
1096 2809 1187 2867 γινο-
1215 2828 1217 2831 -

174 2889 278 2974 μένου
309 2899 370 2955 τοῦ
402 2889 589 2974 ὀρύγματος
620 2889 725 2966 οὕτως
752 2890 1001 2974 ὑπαντήσουσιν
1032 2889 1187 2975 ἀλλήλοις
1201 2907 1228 2948 2⁵

173 2998 208 3061 ολ
231 2996 449 3081 ἐργαζόμενοι.

69 3117 108 3159 τοι.
122 3118 158 3160 ιν
243 3106 280 3181 ιζ.
315 3105 477 3189 Φρεατίας
508 3102 665 3191 ὐπονόμιμ
703 3105 750 3179 είς
786 3103 864 3188 όρος
896 3100 1048 3188 διορύξαι
1075 3103 1079 3186 Ι
1107 3105 1189 3168 κατὰ

81 3200 104 3238 ”⁶
117 3191 156 3232 ²³⁶
174 3204 319 3274 κάθετον
347 3209 448 3285 οὐσας
475 3215 522 3296 τῷ
549 3208 716 3296 ὐπονόμηο.
763 3211 844 3273 ἔστω
873 3210 913 3274 τό
935 3209 1110 3293 ὐπονόμου
1132 3207 1189 3302 πέ-

176 3340 258 3403 ρατα
281 3317 321 3381 τὰ
344 3321 390 3399 Α,
414 3320 455 3379 Β·
479 3314 533 3380 καλ
557 3316 789 3399 εἰλήφθωσαν,
813 3313 862 3379 ἐπ’
890 3315 1028 3390 εὐθείας
1048 3324 1086 3400 τῇ
1111 3319 1188 3398 ΑΒ,

32 3438 91 3462 “··
176 3423 211 3487 αἱ
234 3425 309 3506 ΓΑ,
332 3425 413 3504 ΒΔ,
437 3421 482 3498 ὡς
504 3419 681 3506 έμύθομεν.
727 3424 847 3504 έστησα
869 3414 932 3484 οὐν
959 3420 1021 3485 δύο
1044 3421 1190 3498 κανόνας
1204 3439 1230 3480 οο

174 3524 304 3615 ’ὀρθοὺς
321 3528 405 3614 πρὸς
423 3537 493 3604 τοῖς
507 3532 550 3611 Α,
569 3530 602 3592 Γ
615 3529 694 3604 τούς
708 3530 781 3609 ΓΕ,
801 3531 833 3589 Α
839 3530 867 3589 Ζ
882 3523 937 3590 καὶ
951 3527 1013 3608 τήν
1027 3526 1191 3611 ὐιόπτραν
