2606 3868
480 189 759 258 raonnoousan.
1074 185 1127 238 xv

113 358 214 422 κανὼν
242 357 258 420 ὅ
286 356 333 418 ἐπὶ
360 363 400 442 τῷ
423 356 580 441 τυμπάνῳ,
608 357 671 432 ipse
694 352 743 415 aa
765 359 805 438 τῷ
828 354 982 438 τυμπανίφ
1006 354 1125 430 scripsit

114 456 206 528 atque
233 450 289 510 hoc
315 449 394 522 loco,
422 447 448 506 si
470 447 516 504 dis
539 447 651 522 placet,
680 444 836 503 emendato
860 444 898 502 ad
921 442 1125 504 acutissimam

114 539 365 613 utilissimamque
387 535 527 594 Veutmii
555 534 792 594 observationem
814 533 1052 610 redarguendam
1075 533 1124 591 ab·

113 648 185 688 usus
209 631 262 686 est.
302 625 417 685 Deinde
441 624 521 700 quod
543 626 633 700 negat
651 621 830 681 Venturium
852 622 1034 698 perspexisse
1053 641 1125 681 non-

113 719 214 776 nullas
236 715 425 774 instrumenti
449 713 531 771 illius
555 715 656 788 partes
678 711 802 770 mobiles
824 711 925 785 fuisse,
947 731 1001 770 nee
1024 731 1127 770 verum

114 810 162 866 est
188 838 232 848 —
259 824 329 864 nam
355 802 487 880 potuisse
515 801 681 860 nonnullas·
697 803 798 876 partes
820 800 945 858 mobiles
968 800 1059 859 fuisse
1083 801 1127 858 di-

114 895 202 955 sertis
238 894 290 952 ille
328 891 425 951 verbis
458 889 637 967 significavit
670 921 711 930 —
744 892 774 947 et
806 889 832 948 si
862 889 991 947 maxime
1023 909 1127 950 uerum

115 986 207 1057 esset,
233 983 265 1040 in
291 982 348 1040 hac
376 979 551 1056 quaestione
579 978 770 1036 diiudicanda
793 981 978 1038 momentum
1000 997 1060 1036 non
1082 979 1127 1036 fa·

115 1075 204 1132 ceret.
250 1071 327 1128 Tum
354 1071 395 1139 „a
417 1087 453 1128 ac
475 1085 600 1140 maeque
622 1070 688 1136 tct“,
717 1067 828 1143 inquit,
852 1086 927 1140 „quc
949 1069 980 1126 lo
1001 1070 1128 1126 metten

116 1164 167 1221 des
189 1161 286 1234 pieres
312 1160 443 1227 mobiles,
473 1161 499 1216 et
519 1156 623 1216 He'rort
650 1175 670 1215 a
697 1157 763 1216 bien
778 1174 838 1229 pu,
867 1175 887 1214 a
908 1157 950 1216 det
972 1157 1061 1215 mame
1083 1173 1127 1215 re·

110 1254 213 1324 poetar
244 1253 334 1307 toatcs
366 1265 411 1306 ces
442 1247 631 1320 cauatam
660 1246 696 1304 de
722 1245 810 1303 dc'toil
837 1263 897 1304 aaa
918 1263 1063 1319 paasapcs
1090 1248 1129 1304 ort

118 1341 184 1398 elles
210 1339 372 1412 poenaeue
403 1336 460 1394 e‘trc
488 1334 605 1409 placeas
631 1335 888 1407 fractucasement·
919 1352 971 1393 eor
996 1337 1035 1394 iet
1063 1335 1129 1393 elles

119 1431 233 1487 cassant
255 1426 298 1485 e‘tc
316 1425 556 1498 mietcllrpibles‘fi
597 1422 672 1480 Mihi
695 1441 777 1481 secus
800 1423 932 1497 videtum
955 1443 1025 1482 nam
1047 1423 1128 1480 Hero

118 1517 150 1574 in
173 1535 236 1591 cap.
254 1514 302 1573 HI
323 1514 417 1573 totius
440 1512 631 1572 instrumenti
649 1512 877 1588 descriptionem
895 1515 926 1571 et
943 1513 1043 1588 potuit
1060 1531 1128 1587 pro-

117 1623 227 1680 ponere
265 1606 295 1662 et
326 1603 437 1662 debuit.
492 1601 628 1676 Denique
661 1620 738 1676 quae
770 1600 860 1659 verba
891 1601 1066 1660 Vincentius
1097 1599 1130 1658 in

117 1693 205 1751 unius
233 1692 398 1752 sententiae
426 1690 572 1750 ambitum
600 1689 751 1756 commode
779 1689 857 1748 coire
886 1690 1004 1748 statuit:
1033 1681 1069 1748 οὗ
1094 1689 1130 1772 a&

119 1781 261 1860 στημάτια
288 1778 417 1861 ἇρμοστὰ
444 1785 484 1863 τῷ
512 1775 655 1862 εἰρημένῳ
682 1778 795 1862 τόρμῳ,
827 1797 862 1837 ea
890 1779 953 1854 ipsc
982 1779 1129 1853 explicare

119 1889 179 1931 nou
206 1870 322 1946 potuit,
350 1869 401 1927 sed
427 1868 571 1928 mutanda
594 1885 657 1926 esse
680 1867 712 1925 in
734 1867 979 1943 interpretatione
1001 1867 1129 1925 Franco-

122 1949 480 2039 gallicasignifiaavit1):
504 1957 583 2033 quod
606 1959 732 2033 apparet
756 1959 901 2032 quantum
925 1956 960 2014 de
983 1956 1131 2033 opinionis

124 2047 161 2105 ab
186 2066 220 2105 eo
243 2046 381 2104 defensae
403 2045 614 2120 probabilitate
637 2045 785 2104 debehat.

190 2135 321 2193 Tantum
349 2135 444 2212 igitur
471 2135 567 2210 abest,
599 2138 635 2194 ut
657 2135 797 2193 Venturii
824 2134 1013 2194 ratiocinatio
1042 2155 1130 2212 argu·

121 2223 229 2282 mentis
257 2243 275 2282 a
297 2223 454 2284 Vincentio
482 2224 591 2282 adlatis
614 2224 747 2283 refutata
770 2224 822 2301 sit,
849 2227 886 2282 ut
908 2225 1048 2283 lacunam
1069 2243 1131 2282 rec-

121 2313 234 2372 tissime
267 2312 304 2370 ab
336 2313 389 2372 illo
421 2313 659 2373 animadversam
691 2332 753 2372 esse
784 2315 896 2390 pateat.
948 2312 1030 2382 Quae
1059 2331 1130 2388 quo-

120 2401 208 2462 modo
245 2404 311 2461 orta
348 2402 400 2470 sit,
435 2421 528 2475 nunc,
564 2405 668 2477 postea
705 2421 796 2478 quam
833 2402 987 2478 archetypi
1023 2401 1131 2462 codicis

120 2492 298 2566 interposita
339 2493 384 2549 est
421 2491 597 2560 auctoritas,
637 2511 723 2550 nemo
760 2491 817 2550 erit
854 2491 928 2567 quin
962 2490 1131 2567 perspiciat.

121 2581 200 2638 Nam
226 2579 278 2637 ille
306 2579 342 2637 de
371 2599 429 2655 quo
457 2580 558 2657 agitur
580 2580 661 2638 locus
684 2580 717 2638 in
739 2583 858 2639 vetusto
881 2579 958 2638 libro
980 2580 1132 2639 Parisiaco

122 2668 164 2727 sic
187 2669 315 2744 scriptus
335 2668 493 2744 invenitur,
516 2672 551 2727 ut
569 2687 646 2744 quae
664 2670 847 2744 praecedunt
864 2668 996 2745 proxime
1015 2669 1133 2726 hiatum

121 2757 225 2817 verba:
252 2749 287 2816 οὗ
310 2754 346 2815 τὰ
369 2755 444 2834 6qu
468 2777 503 2816 ea
526 2758 556 2815 in
579 2758 639 2816 imo
662 2758 736 2817 folio
761 2759 819 2816 b2l
840 2758 939 2833 posita
962 2757 1030 2832 sint,
1054 2776 1132 2833 quae

123 2846 345 2921 subsequuntur
366 2847 485 2904 hiatum
506 2846 610 2906 verba:
633 2843 777 2924 ]ἇρμοστὰ
800 2851 840 2930 τῷ
863 2843 1007 2930 εἰρημένῳ
1025 2844 1133 2929 τόρμῳ,

123 2954 158 2994 ea
181 2935 268 2994 initio
291 2935 341 2995 fol.
364 2937 417 2994 63ἶ
439 2936 587 3012 legantur.
628 2935 735 3012 ltaque
759 2936 802 2993 nil
825 2936 921 3013 magis
940 2935 1133 2994 manifestum

124 3026 169 3082 est
206 3043 297 3100 quam
331 3024 474 3101 grandem
505 3024 590 3082 illam
620 3024 760 3082 lacunam
791 3025 907 3100 aliquot
937 3024 1033 3101 ipsius
1064 3024 1134 3082 libri

124 3112 268 3171 Parisiaci
291 3112 532 3172 membranarum
555 3112 713 3172 amissione
732 3115 835 3172 natam
855 3133 925 3172 esse.
967 3113 1046 3183 Quot
1063 3132 1133 3172 vero

125 3201 199 3260 folia
220 3201 434 3277 interciderint,
456 3201 590 3260 Prinzius
614 3201 730 3260 definiri
751 3221 837 3278 posse
855 3203 985 3280 negavit.
1025 3201 1133 3261 Nescio

124 3308 161 3348 an
180 3290 257 3364 aliie,
274 3291 349 3349 mihi
367 3291 487 3366 quidem
505 3293 583 3349 certe
602 3291 824 3366 deperditarum
837 3292 978 3351 foliorum
992 3309 1133 3350 numerus

197 3497 223 3564 1)
243 3494 288 3549 Sic
307 3494 382 3549 enim
399 3494 495 3549 vertit:
513 3497 598 3564 „deal
616 3497 653 3550 lca
670 3502 797 3565 supporta
814 3503 875 3550 soret
892 3497 959 3563 (teis
974 3515 1023 3552 saer
1037 3498 1059 3550 le
1073 3497 1134 3550 cha-

124 3567 218 3634 piceae
236 3569 275 3621 du
293 3568 372 3622 tube“
390 3565 486 3635 eisque
506 3565 667 3636 adscripsit:
690 3568 749 3635 „Le
767 3568 899 3636 pretulit:
916 3569 983 3634 fice's
1001 3570 1019 3622 ὰ
1038 3569 1135 3621 ῑάωε.“
