2654 3868
183 173 248 237 222
318 177 468 229 ΗΡΩΝΟΣ
487 176 754 235 ΑΛΕΞΑΝΔΡΕΩΣ
771 181 860 231 ΠΕΡΙ
878 180 1062 233 ΔΙΟΠΤΡΑΣ

75 351 116 395 f01.
127 353 165 394 ιν
184 340 265 419 ΑΒ,
294 339 367 401 ΓΔ.
414 340 535 421 στήσας
562 335 625 404 οὖν
647 341 709 423 τήν
738 340 901 426 διόπτραν
931 343 1015 428 πρὸς
1035 341 1039 430 ή
1060 352 1099 429 τῇ
1130 343 1200 410 ΓΔ

182 444 284 528 όχθη,
308 443 353 519 ὡς
376 442 429 509 ἐπὶ
451 446 488 511 τὸ
512 449 557 529 Ε,
585 444 767 533 ἐπέστρεψα
790 448 850 512 τὸν
872 451 1013 533 κανόνα,
1036 450 1131 536 άχρις
1154 449 1199 516 άν

182 557 272 639 φανῇ
296 547 339 613 δι’
367 550 471 616 αὐτοῦ
494 563 631 635 σημεῖον
654 551 707 617 ἐπὶ
728 562 786 637 τής
805 555 872 618 ΓΔ
894 556 1000 638 όχθης
1021 556 1058 620 τὸ
1072 560 1113 619 Δ.
1141 555 1199 622 καὶ

181 663 220 738 τῇ
239 659 307 719 ΕΛ
329 656 386 721 διά
409 665 466 740 τής
490 658 648 744 διόπτρας
669 661 753 746 πρὸς
780 660 886 746 ὀρθάς
904 662 1031 744 ήγαγον
1053 663 1115 745 τήν
1133 667 1198 726 ΕΖ

182 759 378 848 ἐπιστρέψας
405 763 465 828 τὸν
483 767 625 830 κανόνα.
662 760 732 830 εἶτα
755 764 894 849 ἐγκλίνω
923 768 960 831 τὸ
988 766 1197 852 ἡμικύκλιον,
1226 788 1240 828 ι

582 1035 655 1043 rw?
697 1037 780 1047 aaz
818 1038 833 1045 l
864 1040 884 1045 ⁷,
1020 1046 1031 1049 Ἴ
1100 1038 1114 1039 7

181 1089 451 1168 φανήτισημελον
529 1082 604 1141 Ξ

545 1163 587 1176 *f
712 1150 1165 1193 *w

181 1188 237 1252 διά
265 1197 325 1253 τοῦ
352 1191 450 1254 κανό-
531 1183 602 1274 ’ἴ
636 1257 844 1276 Μ
889 1273 908 1278 ‚

181 1317 247 1370 νος.
276 1293 449 1379 πεφηνέναι
499 1333 525 1383 15
540 1272 782 1416 ’ἐνέν
818 1292 832 1297 ’
912 1284 924 1289 “

180 1401 217 1464 τὸ
239 1403 278 1463 Ζ·
298 1402 389 1466 ἔσται
408 1403 450 1485 δή
777 1440 828 1490 ῃ,
843 1442 875 1482 89,

180 1507 217 1570 τὸ
277 1505 451 1590 ἐλάχιστον

180 1612 303 1688 πλάτος
325 1621 386 1678 τοῦ
408 1623 559 1699 ποταμοῦ
581 1617 618 1681 τὸ
640 1619 717 1680 ΕΖ·
739 1615 760 1699 ή
784 1617 847 1701 γάρ
866 1620 930 1681 ΕΖ
953 1614 1074 1681 ὡσανεὶ
1096 1615 1197 1681 κάθε-
1318 1623 1319 1626 ’

87 1745 108 1781 ο.
123 1734 163 1774 212
181 1721 237 1795 τός
265 1717 356 1784 ἐστιν
384 1717 432 1785 ἐπ)
465 1719 653 1807 ἀμφοτέρας
679 1722 737 1798 τὰς
764 1724 883 1806 όχθας,
911 1727 1002 1808 εἴπερ
1029 1725 1197 1807 παραλλή-

180 1829 260 1902 λους
296 1824 398 1902 αὐτάς
434 1825 643 1912 έννοοίμεθα.
697 1829 742 1905 ὡς
778 1823 841 1894 οὖν
875 1826 1043 1913 ἐμάθομεν
1074 1827 1196 1911 ἐπάνω,
1211 1851 1239 1892 τι

180 1932 331 2016 εἰλήφθω
359 1933 396 1996 τὸ
424 1932 488 1998 άπὸ
516 1943 577 2000 τοῦ
601 1938 631 1998 Ε
657 1934 820 2019 διάστημα
847 1932 901 1999 ἐπὶ
928 1935 966 2000 τό
994 1937 1021 1997 Ζ
1047 1934 1085 1998 τὸ
1112 1935 1196 2020 πρὸς

180 2038 355 2122 διαβήτην,
388 2037 406 2102 δ
438 2036 493 2104 καὶ
525 2039 791 2125 άποφανοάμεθα
822 2039 995 2125 ἐλάχιστον
1022 2035 1108 2105 εἶναι
1135 2047 1195 2105 τοῦ

179 2153 329 2228 ποταμοῦ
352 2145 483 2221 πλάτος.

87 2278 108 2314 ο.
122 2268 162 2308 αι
248 2275 267 2314 ι.
291 2251 367 2316 Δύο
390 2249 563 2317 δοθέντων
581 2255 726 2335 σημείων
743 2254 858 2339 πόρρω
882 2251 1061 2338 ὁρωμένων
1084 2253 1195 2339 εὑρεῖν

179 2357 216 2421 τὸ
244 2355 365 2440 μεταξὺ
393 2357 557 2442 διάστημα
581 2356 693 2423 αὐτῶν
715 2359 752 2423 τὸ
774 2359 859 2443 πρὸς
882 2359 1044 2443 διαβήτην
1066 2357 1121 2423 καὶ
1144 2361 1193 2424 ἔτι
1208 2381 1235 2422 ιο

179 2462 241 2545 τήν
257 2460 364 2527 θέσιν.
402 2465 485 2529 ἔστω
504 2464 545 2529 τδ
563 2462 709 2529 δοθέντα
727 2464 791 2529 δύο
809 2475 928 2550 σημεῖα
950 2466 990 2530 τδ
1009 2471 1051 2548 A,
1074 2469 1116 2529 B·
1139 2463 1194 2530 καὶ

179 2568 398 2633 καθεστάσθω
431 2567 451 2651 ή
484 2569 625 2654 διόπτρα
657 2569 695 2635 έν
726 2581 796 2646 τοῖς
829 2571 913 2656 πρὸς
944 2570 1029 2656 ἡμᾶς
1059 2569 1195 2656 μέρεσιν

86 2701 107 2737 ο.
122 2691 162 2732 ιω
179 2676 263 2760 πρὸς
289 2681 335 2762 τῷ
366 2676 399 2739 Γ
416 2672 471 2740 καὶ
495 2673 715 2761 ἐπεστράφθω
746 2675 764 2742 ὁ
792 2677 918 2760 κανὼν,
949 2678 1043 2764 άχρις
1073 2676 1116 2743 δν
1145 2675 1189 2742 δι’
1315 2684 1320 2708 ¹

180 2779 284 2846 αὐτοῦ
303 2789 393 2867 φανῇ
411 2781 448 2846 τὸ
468 2787 500 2846 Α
518 2791 668 2865 σημεῖον·
692 2781 810 2847 εὐθεῖα
827 2783 892 2869 άρα
911 2779 1002 2847 ἐστὶν
1019 2783 1040 2867 ή
1059 2784 1116 2848 διδ
1133 2793 1193 2848 τοῦ

179 2888 321 2964 κανόνος
342 2886 363 2970 ή
387 2889 460 2952 ΑΓ.
505 2888 609 2974 ταότη
638 2890 721 2974 πρὸς
753 2888 859 2973 ὀρθάς
891 2890 1018 2972 ήγαγον
1050 2890 1107 2954 διά
1135 2898 1192 2974 τῆς
1206 2912 1233 2954 ω

179 2993 339 3078 διόπτρας
357 2993 418 3076 τήν
432 2995 508 3078 ΓΔ,
526 2991 582 3060 καὶ
600 2996 737 3080 παράμω
753 2993 802 3060 ἐπ’
826 2993 927 3079 αὐτῆς
945 2995 1006 3078 τήν
1020 2996 1193 3081 διόπτραν,

180 3100 274 3185 άχρις
297 3097 339 3164 δν
363 3101 420 3164 διδ
446 3100 526 3184 <τής
552 3102 636 3188 πρὸς
663 3101 769 3182 ὀρθάς
795 3099 942 3186 θέσεως>
969 3109 1030 3167 τοῦ
1052 3103 1194 3178 κανόνος

180 3214 270 3291 φανῇ
299 3207 337 3271 τὸ
364 3210 393 3270 Β
418 3215 562 3290 σημεῖον.
608 3205 767 3291 τετυχέτω
798 3201 861 3271 οὖν
889 3205 910 3289 ή
940 3207 1081 3292 διόπτρα
1110 3207 1194 3291 πρὸς

252 3393 334 3454 ml
352 3399 396 3454 τότ
416 3398 434 3454 f.
451 3393 498 3452 ἐπὶ
515 3407 565 3454 τοῦ
625 3401 794 3467 4τῆςΕΔε
814 3413 881 3451 corr.
892 3396 928 3451 Vi
988 3397 1192 3466 8τὸσημείονε

180 3469 287 3526 correxi
373 3475 405 3526 15
429 3469 447 3525 f.
467 3466 645 3541 ἕννοοάμεθα
727 3473 760 3522 17
784 3463 940 3549 ἐλάηνστονε
964 3467 1133 3537 ζητούμενον
1156 3467 1193 3522 Vi

43 3572 104 3586 ⁴-
216 3548 250 3596 23
268 3542 299 3597 τὸ
319 3547 355 3598 Γι
374 3541 481 3597 correxi
552 3546 585 3595 27
605 3539 715 3594 hiatum
733 3538 842 3610 explan
