2644 3870
201 173 264 236 142
364 175 513 228 Ηνωαον
531 172 798 232 mmmm
816 175 1044 228 ιιιινΡιΚιυιυ

198 337 327 402 τούτων
359 334 526 414 ἀπόδειξις
557 335 860 421 ἀναμφισβήτητος,
892 337 972 421 ὅπερ
1004 349 1072 402 τῶν
1099 338 1212 402 άλλων

198 453 324 526 τεχνῶν
346 441 367 526 ἢ
391 441 578 527 ἐπιστημῶν
601 442 739 527 οὐδεμία
761 443 977 528 ὑπισχνεῖται.

266 573 294 613 α.
318 553 452 633 Χωρίον
473 553 640 636 τρίγωνον
662 550 786 616 διελεῖν
809 552 855 627 εἰς
877 553 1023 636 τρίγωνα
1045 554 1149 638 χωρία
1173 550 1211 617 ἐν

198 663 243 742 τῷ
272 655 409 721 δοθέντι
437 658 524 743 λόγῳ
552 656 613 740 τὴν
640 655 744 739 αὐτὴν
771 659 888 741 ἔχοντα
915 659 1076 743 κορυφήν.
1127 660 1210 723 έστω
1276 745 1278 750 Ι

197 762 234 825 τὸ
259 757 364 827 δοθέν
386 765 551 847 τρίγωνον
573 763 610 827 τὸ
635 765 739 827 ΑΒΓ
758 765 835 847 ἕχον
857 764 918 846 τὴν
940 760 1002 848 μὲν
1020 767 1086 828 ΑΒ
1108 765 1210 848 μονά-

198 868 268 932 δων
295 892 344 952 ιγ,
371 869 432 951 τὴν
459 865 496 933 δὲ
519 871 586 933 ΒΓ
608 869 765 954 μονάδων
792 870 841 953 ιδ,
868 871 929 954 τὴν
956 866 993 935 δὲ
1015 873 1086 935 ΑΓ
1109 871 1210 954 μονά-

197 973 267 1036 δων
295 992 337 1037 ιε·
382 971 436 1038 καὶ
464 972 543 1040 δέον
568 976 650 1039 ἔστω
680 976 804 1041 διελεῖν
832 975 912 1040 αὐτὸ
941 978 988 1053 εἰς
1015 977 1078 1042 δύο
1104 980 1209 1061 χωρία

196 1083 342 1165 τρίγωνα
374 1082 476 1163 λόγον
507 1083 625 1165 ἔχοντα
655 1081 739 1166 πρὸς
771 1083 911 1166 ἄλληλα,
943 1081 983 1148 ὃν
1015 1107 1031 1148 ε
1062 1085 1145 1170 πρὸς
1176 1107 1208 1168 γ,

61 1211 66 1218 ·
195 1187 351 1272 κορυφὴν
379 1182 417 1251 δὲ
444 1188 481 1251 τὸ
510 1193 550 1251 A.
599 1185 761 1270 γεγονέτω
790 1187 845 1254 καὶ
873 1191 954 1254 ἔστω
981 1189 1001 1273 ἡ
1030 1191 1209 1275 διαιροῦσα

197 1291 313 1358 εὐθεῖα
335 1292 356 1376 ἡ
380 1298 462 1357 ΑΔ·
1222 1314 1249 1352 ιο

197 1401 295 1481 λόγος
318 1401 382 1485 άρα
401 1409 462 1464 τοῦ
810 1387 853 1464 Α

196 1510 300 1571 ΑΒΔ
345 1507 462 1592 τριγώ-

196 1636 259 1678 νου
301 1613 385 1699 ττρὸς
424 1613 461 1677 τὸ

196 1724 265 1784 ΑΛ
272 1722 304 1784 Γ
344 1723 462 1805 τρίγω-

195 1850 271 1909 νον,
316 1825 399 1911 <δν>
446 1850 462 1892 ε
528 1820 532 1828 ’

194 1933 278 2017 πρὸς
323 1953 357 2016 γ·
405 1931 461 1999 καὶ

196 2037 462 2122 συνθέντιλόγος

195 2146 259 2231 ἄρα
281 2155 343 2210 τοῦ
362 2149 466 2211 ΑΒΓ
518 2163 568 2232 B
1158 2175 1206 2252 1⁷

194 2252 361 2337 τριγώνου
377 2254 461 2339 πρὸς
768 2297 773 2306 -
806 2299 857 2350 m
871 2300 904 2341 61.
925 2303 927 2308 ,

194 2358 231 2422 τὸ
259 2361 367 2423 ΑΛΓ
391 2362 459 2444 τρί-
1219 2377 1246 2418 ιο

75 2481 114 2522 ιιι.
127 2481 177 2522 ιοοτ
195 2488 315 2548 γωνον,
339 2464 379 2530 δν
401 2490 422 2548 η
444 2466 528 2551 πρὸς
548 2489 578 2548 γ.
613 2461 669 2529 καλ
688 2466 779 2528 ἔστιν
799 2462 803 2550 Ι
823 2463 843 2547 ἡ
863 2467 926 2529 ΒΓ
939 2464 1096 2549 μονάδων
1115 2465 1162 2528 ιδ·
1184 2463 1204 2547 ἡ

194 2572 258 2655 άρα
273 2573 333 2636 ΓΛ
353 2574 443 2636 ἔσται
460 2572 618 2656 μονάδων
636 2593 651 2635 ε
665 2571 686 2634 δ
690 2567 708 2634 ’.
741 2571 839 2654 λοιπὴ
856 2572 919 2656 άρα
934 2570 954 2654 ἡ
968 2575 1035 2635 ΒΛ
1049 2572 1205 2656 μονάδων

194 2675 281 2762 τάδ’.
315 2677 378 2743 κάν
396 2676 610 2763 ἐπιζεύξωμεν
628 2677 689 2761 τὴν
707 2681 786 2760 ΑΔ,
805 2679 896 2742 ἔσται
913 2678 1051 2760 γεγονὸς
1069 2678 1106 2742 τὸ
1125 2698 1204 2762 προ-

193 2787 359 2869 κείμενον·
391 2785 427 2849 τὸ
460 2780 522 2869 μὲν
553 2785 616 2870 γάρ
648 2792 708 2849 τοῦ
736 2787 839 2848 ΑΒΔ
866 2784 1032 2870 τριγώνου
1059 2782 1204 2868 ἐμβαδὸν

193 2891 376 2976 εὑρήσομεν
403 2892 559 2974 μονάδων
586 2894 665 2974 νβί,
692 2891 728 2955 τὸ
757 2886 795 2955 δὲ
821 2899 882 2956 τοῦ
908 2895 978 2954 ΑΔ
984 2893 1016 2955 Γ
1038 2891 1203 2976 τριγώνου
1217 2909 1243 2950 2⁵

193 2999 350 3081 μονάδων
380 3002 452 3073 λαί.
503 3000 568 3082 ἔχει
600 2993 637 3061 δὲ
664 2997 704 3062 τά
732 3000 795 3080 νβί
823 2997 906 3083 πρὸς
933 2998 972 3062 τδι
1000 3001 1063 3073 λαί
1091 2999 1203 3080 λόγον,

193 3104 234 3169 ὃν
256 3106 322 3189 ἔχει
345 3107 385 3170 τὰ
408 3128 424 3169 ε
445 3105 529 3189 πρὸς
550 3105 590 3168 τά
613 3127 643 3186 γ.

259 3214 288 3295 β.
317 3213 360 3277 Γο
389 3205 504 3276 δοθὲν
520 3214 685 3296 τρίγωνον
709 3212 756 3286 είς
778 3211 837 3275 τὸν
860 3207 1005 3274 δοθέντα
1028 3212 1131 3292 λόγον
1153 3210 1202 3273 δι-
1301 3279 1303 3310 Ι

193 3324 281 3385 ελείν
307 3319 424 3405 εὐθείᾳ
450 3315 517 3383 τινὶ
543 3319 741 3404 παραλλήλῳ
769 3326 808 3402 τῇ
831 3316 935 3400 βάσει.
980 3317 1061 3381 έστω
1084 3319 1202 3403 τρίγω-

193 3450 255 3492 νον
286 3427 322 3492 τὸ
356 3428 459 3490 ΑΒΓ
486 3427 564 3510 ἔχον
594 3424 656 3508 τὴν
685 3419 747 3508 μὲν
779 3427 844 3487 ΑΒ
875 3423 1032 3507 μονάδων
1062 3447 1109 3506 ιγ,
1141 3423 1241 3506 τὴνοο
1299 3399 1303 3558 ρ

192 3529 230 3598 δὲ
257 3536 324 3598 ΒΓ
351 3533 508 3618 μονάδων
540 3533 588 3615 ιδ,
621 3531 681 3614 τὴν
708 3525 745 3594 δὲ
773 3532 843 3594 ΑΓ
870 3529 1026 3613 μονάδων
1054 3553 1092 3594 ιε.
1146 3527 1201 3594 καὶ
