<?xml version="1.0" encoding="UTF-8"?>
<!DOCTYPE html PUBLIC "-//W3C//DTD XHTML 1.0 Transitional//EN"
    "http://www.w3.org/TR/xhtml1/DTD/xhtml1-transitional.dtd">
<html xmlns="http://www.w3.org/1999/xhtml" xml:lang="en" lang="en">
 <head>
  <title>
</title>
<meta http-equiv="Content-Type" content="text/html;charset=utf-8" />
  <meta name='ocr-system' content='tesseract 3.04.00' />
  <meta name='ocr-capabilities' content='ocr_page ocr_carea ocr_par ocr_line ocrx_word'/>
</head>
<body>
  <div class='ocr_page' id='page_1' title='image "./heronisalexandr00schogoog_0085.png"; bbox 0 0 2606 3868; ppageno 0'>
   <div class='ocr_carea' id='block_1_1' title="bbox 144 181 992 250">
    <p class='ocr_par' dir='ltr' id='par_1_1' title="bbox 144 181 992 250">
     <span class='ocr_line' id='line_1_1' title="bbox 144 181 992 250; baseline -0.006 -11"><span class='ocrx_word' id='word_1_1' title='bbox 144 185 187 250; x_wconf 85' lang='grc'><em>66</em></span> <span class='ocrx_word' id='word_1_2' title='bbox 310 186 460 238; x_wconf 80' lang='grc' dir='ltr'><strong>ΗΡΩΝΟΣ</strong></span> <span class='ocrx_word' id='word_1_3' title='bbox 478 181 746 244; x_wconf 77' lang='grc' dir='ltr'><strong>ΑΔΕΞΑΝΔΡΕΩΣ</strong></span> <span class='ocrx_word' id='word_1_4' title='bbox 763 184 949 236; x_wconf 78' lang='grc' dir='ltr'><strong>ΜΕΤΡΙΚΩΝ</strong></span> <span class='ocrx_word' id='word_1_5' title='bbox 968 185 992 234; x_wconf 88' lang='grc' dir='ltr'><strong>Α</strong></span> 
     </span>
    </p>
   </div>
   <div class='ocr_carea' id='block_1_2' title="bbox 140 343 1197 861">
    <p class='ocr_par' dir='ltr' id='par_1_2' title="bbox 140 343 1197 861">
     <span class='ocr_line' id='line_1_2' title="bbox 202 343 1156 430; baseline -0.003 -17"><span class='ocrx_word' id='word_1_6' title='bbox 202 346 283 413; x_wconf 83' lang='grc' dir='ltr'><em>Ὅσα</em></span> <span class='ocrx_word' id='word_1_7' title='bbox 311 343 348 412; x_wconf 70' lang='grc' dir='ltr'><em>δέ</em></span> <span class='ocrx_word' id='word_1_8' title='bbox 375 358 442 412; x_wconf 82' lang='grc' dir='ltr'><em>τῶν</em></span> <span class='ocrx_word' id='word_1_9' title='bbox 467 347 673 428; x_wconf 75' lang='grc' dir='ltr'><strong><em>πολυγώνων</em></strong></span> <span class='ocrx_word' id='word_1_10' title='bbox 696 344 868 430; x_wconf 81' lang='grc' dir='ltr'><em>σχημάτων</em></span> <span class='ocrx_word' id='word_1_11' title='bbox 891 347 952 410; x_wconf 86' lang='grc' dir='ltr'><em>ούκ</em></span> <span class='ocrx_word' id='word_1_12' title='bbox 975 344 1066 409; x_wconf 86' lang='grc' dir='ltr'><em>έστιν</em></span> <span class='ocrx_word' id='word_1_13' title='bbox 1089 346 1156 410; x_wconf 85' lang='grc' dir='ltr'><em>λσό-</em></span> 
     </span>
     <span class='ocr_line' id='line_1_3' title="bbox 140 451 1157 540; baseline -0.005 -20"><span class='ocrx_word' id='word_1_14' title='bbox 140 460 272 540; x_wconf 89' lang='grc' dir='ltr'><em>πλευρα</em></span> <span class='ocrx_word' id='word_1_15' title='bbox 294 451 349 518; x_wconf 84' lang='grc' dir='ltr'><em>καὶ</em></span> <span class='ocrx_word' id='word_1_16' title='bbox 373 453 541 536; x_wconf 78' lang='grc' dir='ltr'><em>ἰσογώνια,</em></span> <span class='ocrx_word' id='word_1_17' title='bbox 564 463 666 518; x_wconf 87' lang='grc' dir='ltr'><em>ταῦτα</em></span> <span class='ocrx_word' id='word_1_18' title='bbox 689 454 736 529; x_wconf 83' lang='grc' dir='ltr'><em>εἰς</em></span> <span class='ocrx_word' id='word_1_19' title='bbox 758 455 903 538; x_wconf 83' lang='grc' dir='ltr'><em>τρίγωνα</em></span> <span class='ocrx_word' id='word_1_20' title='bbox 926 451 1157 537; x_wconf 91' lang='grc' dir='ltr'><em>καταδιαιρού-</em></span> 
     </span>
     <span class='ocr_line' id='line_1_4' title="bbox 144 555 1156 646; baseline -0.005 -19"><span class='ocrx_word' id='word_1_21' title='bbox 144 586 227 646; x_wconf 91' lang='grc' dir='ltr'><em>μενα</em></span> <span class='ocrx_word' id='word_1_22' title='bbox 249 570 425 646; x_wconf 79' lang='grc' dir='ltr'><em>μετρεῖται·</em></span> <span class='ocrx_word' id='word_1_23' title='bbox 449 561 488 624; x_wconf 86' lang='grc' dir='ltr'><em>τδι</em></span> <span class='ocrx_word' id='word_1_24' title='bbox 512 555 549 623; x_wconf 72' lang='grc' dir='ltr'><em>δέ</em></span> <span class='ocrx_word' id='word_1_25' title='bbox 571 568 731 645; x_wconf 75' lang='grc' dir='ltr'><em>περιφερῆ</em></span> <span class='ocrx_word' id='word_1_26' title='bbox 757 570 823 623; x_wconf 87' lang='grc' dir='ltr'><em>τῶν</em></span> <span class='ocrx_word' id='word_1_27' title='bbox 847 557 1011 623; x_wconf 76' lang='grc' dir='ltr'><em>ἐπιπέδων</em></span> <span class='ocrx_word' id='word_1_28' title='bbox 1034 556 1156 642; x_wconf 88' lang='grc' dir='ltr'><em>σχημύ-</em></span> 
     </span>
     <span class='ocr_line' id='line_1_5' title="bbox 144 665 1156 750; baseline -0.005 -17"><span class='ocrx_word' id='word_1_29' title='bbox 144 693 212 733; x_wconf 85' lang='grc' dir='ltr'><em>των</em></span> <span class='ocrx_word' id='word_1_30' title='bbox 252 665 306 732; x_wconf 84' lang='grc' dir='ltr'><em>καὶ</em></span> <span class='ocrx_word' id='word_1_31' title='bbox 342 668 491 731; x_wconf 75' lang='grc' dir='ltr'><strong><em>καθόλου</em></strong></span> <span class='ocrx_word' id='word_1_32' title='bbox 529 676 596 730; x_wconf 82' lang='grc' dir='ltr'><em>τῶν</em></span> <span class='ocrx_word' id='word_1_33' title='bbox 638 665 839 750; x_wconf 81' lang='grc' dir='ltr'><em>ἐπιφανειῶν</em></span> <span class='ocrx_word' id='word_1_34' title='bbox 880 665 953 730; x_wconf 83' lang='grc' dir='ltr'><em>ὅσαι</em></span> <span class='ocrx_word' id='word_1_35' title='bbox 995 665 1156 729; x_wconf 90' lang='grc' dir='ltr'><em>δύνανται</em></span> 
     </span>
     <span class='ocr_line' id='line_1_6' title="bbox 144 770 1197 861; baseline -0.006 -21"><span class='ocrx_word' id='word_1_36' title='bbox 144 781 347 861; x_wconf 70' lang='grc' dir='ltr'><em>μετρεῖσθαι,</em></span> <span class='ocrx_word' id='word_1_37' title='bbox 371 770 442 856; x_wconf 83' lang='grc' dir='ltr'><em>έξής</em></span> <span class='ocrx_word' id='word_1_38' title='bbox 465 774 545 837; x_wconf 80' lang='grc' dir='ltr'><em>κατὰ</em></span> <span class='ocrx_word' id='word_1_39' title='bbox 569 774 605 837; x_wconf 90' lang='grc' dir='ltr'><em>τὸ</em></span> <span class='ocrx_word' id='word_1_40' title='bbox 629 772 820 837; x_wconf 80' lang='grc' dir='ltr'><em>ἀκόλουθον</em></span> <span class='ocrx_word' id='word_1_41' title='bbox 844 771 1063 855; x_wconf 81' lang='grc' dir='ltr'><em>ἐκθησόμεθα.</em></span> <span class='ocrx_word' id='word_1_42' title='bbox 1183 789 1197 828; x_wconf 81' lang='lat'>5</span> 
     </span>
    </p>
   </div>
   <div class='ocr_carea' id='block_1_3' title="bbox 1301 98 1304 1010">
    <p class='ocr_par' dir='ltr' id='par_1_3' title="bbox 1301 98 1304 1010">
     <span class='ocr_line' id='line_1_7' title="bbox 1301 98 1304 1010; baseline 0 0"><span class='ocrx_word' id='word_1_43' title='bbox 1301 98 1304 1010; x_wconf 95' lang='lat' dir='ltr'><em> </em></span> 
     </span>
    </p>
   </div>
   <div class='ocr_carea' id='block_1_4' title="bbox 143 909 1196 1635">
    <p class='ocr_par' dir='ltr' id='par_1_4' title="bbox 143 909 1196 1635">
     <span class='ocr_line' id='line_1_8' title="bbox 211 909 1156 1000; baseline -0.004 -20"><span class='ocrx_word' id='word_1_44' title='bbox 211 917 301 998; x_wconf 83' lang='grc' dir='ltr'><em>&lt;κς&gt;.</em></span> <span class='ocrx_word' id='word_1_45' title='bbox 318 913 514 1000; x_wconf 78' lang='grc' dir='ltr'><em>Ἀρχιμήδης</em></span> <span class='ocrx_word' id='word_1_46' title='bbox 532 910 593 998; x_wconf 72' lang='grc' dir='ltr'><em>μὲν</em></span> <span class='ocrx_word' id='word_1_47' title='bbox 608 909 669 979; x_wconf 87' lang='grc' dir='ltr'><em>οὖν</em></span> <span class='ocrx_word' id='word_1_48' title='bbox 684 913 720 978; x_wconf 84' lang='grc' dir='ltr'><em>έν</em></span> <span class='ocrx_word' id='word_1_49' title='bbox 734 924 772 1000; x_wconf 79' lang='grc' dir='ltr'><em>τή</em></span> <span class='ocrx_word' id='word_1_50' title='bbox 787 921 847 978; x_wconf 89' lang='grc' dir='ltr'><em>τοῦ</em></span> <span class='ocrx_word' id='word_1_51' title='bbox 861 915 985 979; x_wconf 88' lang='grc' dir='ltr'><em>κύκλου</em></span> <span class='ocrx_word' id='word_1_52' title='bbox 1003 916 1156 998; x_wconf 75' lang='grc' dir='ltr'><em>μετρήσει</em></span> 
     </span>
     <span class='ocr_line' id='line_1_9' title="bbox 146 1018 1155 1109; baseline -0.002 -23"><span class='ocrx_word' id='word_1_53' title='bbox 146 1021 183 1109; x_wconf 85' lang='grc' dir='ltr'><em>(ο.</em></span> <span class='ocrx_word' id='word_1_54' title='bbox 196 1030 213 1086; x_wconf 80' lang='lat'><strong>2</strong></span> <span class='ocrx_word' id='word_1_55' title='bbox 224 1030 245 1085; x_wconf 75' lang='lat' dir='ltr'><em>t.</em></span> <span class='ocrx_word' id='word_1_56' title='bbox 261 1019 277 1084; x_wconf 97' lang='grc' dir='ltr'>Ι</span> <span class='ocrx_word' id='word_1_57' title='bbox 290 1047 318 1102; x_wconf 92' lang='lat' dir='ltr'><em>p.</em></span> <span class='ocrx_word' id='word_1_58' title='bbox 334 1028 397 1084; x_wconf 81' lang='lat'><em>262</em></span> <span class='ocrx_word' id='word_1_59' title='bbox 408 1018 509 1106; x_wconf 81' lang='lat' dir='ltr'>Heib.)</span> <span class='ocrx_word' id='word_1_60' title='bbox 525 1022 705 1103; x_wconf 89' lang='grc' dir='ltr'><em>δείκνυσιν,</em></span> <span class='ocrx_word' id='word_1_61' title='bbox 721 1020 771 1086; x_wconf 79' lang='grc' dir='ltr'><em>ὅτι</em></span> <span class='ocrx_word' id='word_1_62' title='bbox 787 1044 820 1084; x_wconf 91' lang='grc' dir='ltr'><em>ια</em></span> <span class='ocrx_word' id='word_1_63' title='bbox 834 1019 1022 1106; x_wconf 78' lang='grc' dir='ltr'><em>τετράγωνα</em></span> <span class='ocrx_word' id='word_1_64' title='bbox 1036 1022 1076 1084; x_wconf 82' lang='grc' dir='ltr'><em>τὰ</em></span> <span class='ocrx_word' id='word_1_65' title='bbox 1090 1019 1155 1085; x_wconf 83' lang='grc' dir='ltr'><em>ἀπὸ</em></span> 
     </span>
     <span class='ocr_line' id='line_1_10' title="bbox 143 1127 1156 1214; baseline -0.006 -19"><span class='ocrx_word' id='word_1_66' title='bbox 143 1139 201 1214; x_wconf 88' lang='grc' dir='ltr'><em>τής</em></span> <span class='ocrx_word' id='word_1_67' title='bbox 225 1127 401 1213; x_wconf 75' lang='grc' dir='ltr'><em>διαμέτρου</em></span> <span class='ocrx_word' id='word_1_68' title='bbox 424 1137 483 1193; x_wconf 90' lang='grc' dir='ltr'><em>τοῦ</em></span> <span class='ocrx_word' id='word_1_69' title='bbox 506 1128 631 1192; x_wconf 90' lang='grc' dir='ltr'><em>κύκλου</em></span> <span class='ocrx_word' id='word_1_70' title='bbox 654 1133 709 1191; x_wconf 82' lang='grc' dir='ltr'><em>ίσα</em></span> <span class='ocrx_word' id='word_1_71' title='bbox 727 1129 874 1210; x_wconf 80' lang='grc' dir='ltr'><em>γίγνεται</em></span> <span class='ocrx_word' id='word_1_72' title='bbox 897 1127 940 1202; x_wconf 85' lang='grc' dir='ltr'><em>ὡς</em></span> <span class='ocrx_word' id='word_1_73' title='bbox 963 1129 1098 1209; x_wconf 78' lang='grc' dir='ltr'><em>ἔγγιστα</em></span> <span class='ocrx_word' id='word_1_74' title='bbox 1121 1127 1156 1190; x_wconf 93' lang='grc' dir='ltr'><em>ιδ</em></span> 
     </span>
     <span class='ocr_line' id='line_1_11' title="bbox 144 1232 1155 1318; baseline -0.005 -17"><span class='ocrx_word' id='word_1_75' title='bbox 144 1237 289 1310; x_wconf 78' lang='grc' dir='ltr'><em>κύκλοις·</em></span> <span class='ocrx_word' id='word_1_76' title='bbox 312 1236 394 1299; x_wconf 83' lang='grc' dir='ltr'><em>ὥστε</em></span> <span class='ocrx_word' id='word_1_77' title='bbox 408 1233 466 1299; x_wconf 80' lang='grc' dir='ltr'><em>ἐὰν</em></span> <span class='ocrx_word' id='word_1_78' title='bbox 480 1235 567 1318; x_wconf 79' lang='grc' dir='ltr'><em>δοθή</em></span> <span class='ocrx_word' id='word_1_79' title='bbox 582 1232 602 1316; x_wconf 79' lang='grc' dir='ltr'><em>ἡ</em></span> <span class='ocrx_word' id='word_1_80' title='bbox 618 1233 791 1317; x_wconf 75' lang='grc' dir='ltr'><em>διάμετρος</em></span> <span class='ocrx_word' id='word_1_81' title='bbox 805 1243 864 1298; x_wconf 83' lang='grc' dir='ltr'><em>τοῦ</em></span> <span class='ocrx_word' id='word_1_82' title='bbox 878 1234 1002 1299; x_wconf 90' lang='grc' dir='ltr'><em>κύκλου</em></span> <span class='ocrx_word' id='word_1_83' title='bbox 1018 1233 1155 1317; x_wconf 83' lang='grc' dir='ltr'><em>εἰτύχοι</em></span> 
     </span>
     <span class='ocr_line' id='line_1_12' title="bbox 145 1337 1196 1427; baseline -0.009 -20"><span class='ocrx_word' id='word_1_84' title='bbox 145 1341 300 1427; x_wconf 77' lang='grc' dir='ltr'><em>μονάδων</em></span> <span class='ocrx_word' id='word_1_85' title='bbox 315 1367 337 1423; x_wconf 86' lang='grc' dir='ltr'><em>ι,</em></span> <span class='ocrx_word' id='word_1_86' title='bbox 356 1342 466 1422; x_wconf 79' lang='grc' dir='ltr'><em>δεήσει</em></span> <span class='ocrx_word' id='word_1_87' title='bbox 485 1341 525 1404; x_wconf 86' lang='grc' dir='ltr'><em>τδι</em></span> <span class='ocrx_word' id='word_1_88' title='bbox 544 1365 556 1403; x_wconf 94' lang='grc' dir='ltr'><em>ι</em></span> <span class='ocrx_word' id='word_1_89' title='bbox 575 1337 625 1423; x_wconf 74' lang='grc' dir='ltr'><em>ἐφ’</em></span> <span class='ocrx_word' id='word_1_90' title='bbox 651 1337 749 1403; x_wconf 81' lang='grc' dir='ltr'><em>ἑαυτὰ</em></span> <span class='ocrx_word' id='word_1_91' title='bbox 767 1349 914 1423; x_wconf 89' lang='grc' dir='ltr'><em>ποιήσαι·</em></span> <span class='ocrx_word' id='word_1_92' title='bbox 934 1344 1104 1423; x_wconf 78' lang='grc' dir='ltr'><em>γίγνονται</em></span> <span class='ocrx_word' id='word_1_93' title='bbox 1121 1360 1153 1426; x_wconf 92' lang='grc' dir='ltr'><em>ρ·</em></span> <span class='ocrx_word' id='word_1_94' title='bbox 1168 1362 1196 1399; x_wconf 89' lang='lat'><em>10</em></span> 
     </span>
     <span class='ocr_line' id='line_1_13' title="bbox 144 1439 1153 1530; baseline -0.005 -17"><span class='ocrx_word' id='word_1_95' title='bbox 144 1458 247 1513; x_wconf 87' lang='grc' dir='ltr'><em>ταῦτα</em></span> <span class='ocrx_word' id='word_1_96' title='bbox 261 1445 313 1511; x_wconf 79' lang='grc' dir='ltr'><em>ἐπὶ</em></span> <span class='ocrx_word' id='word_1_97' title='bbox 327 1447 367 1510; x_wconf 81' lang='grc' dir='ltr'><em>τὰ</em></span> <span class='ocrx_word' id='word_1_98' title='bbox 381 1466 427 1510; x_wconf 88' lang='grc' dir='ltr'><em>ια·</em></span> <span class='ocrx_word' id='word_1_99' title='bbox 447 1449 594 1529; x_wconf 80' lang='grc' dir='ltr'><em>γίγνεται</em></span> <span class='ocrx_word' id='word_1_100' title='bbox 603 1467 672 1530; x_wconf 73' lang='grc' dir='ltr'><em>χαρ·</em></span> <span class='ocrx_word' id='word_1_101' title='bbox 692 1439 740 1510; x_wconf 85' lang='grc' dir='ltr'><em>ὧν</em></span> <span class='ocrx_word' id='word_1_102' title='bbox 753 1447 790 1510; x_wconf 93' lang='grc' dir='ltr'><em>τὸ</em></span> <span class='ocrx_word' id='word_1_103' title='bbox 806 1443 861 1510; x_wconf 81' lang='grc' dir='ltr'><em>ιδ’.</em></span> <span class='ocrx_word' id='word_1_104' title='bbox 876 1449 1023 1528; x_wconf 77' lang='grc' dir='ltr'><em>γίγνεται</em></span> <span class='ocrx_word' id='word_1_105' title='bbox 1038 1445 1153 1530; x_wconf 64' lang='grc' dir='ltr'><em>οηλιδῖ</em></span> 
     </span>
     <span class='ocr_line' id='line_1_14' title="bbox 144 1550 1154 1635; baseline -0.005 -16"><span class='ocrx_word' id='word_1_106' title='bbox 144 1554 306 1619; x_wconf 85' lang='grc' dir='ltr'><em>τοσούτου</em></span> <span class='ocrx_word' id='word_1_107' title='bbox 333 1553 384 1616; x_wconf 92' lang='grc' dir='ltr'><em>δεῖ</em></span> <span class='ocrx_word' id='word_1_108' title='bbox 412 1550 657 1635; x_wconf 79' lang='grc' dir='ltr'><em>ἀποφαίνεσθαι</em></span> <span class='ocrx_word' id='word_1_109' title='bbox 689 1553 725 1615; x_wconf 90' lang='grc' dir='ltr'><em>τὸ</em></span> <span class='ocrx_word' id='word_1_110' title='bbox 754 1550 898 1635; x_wconf 81' lang='grc' dir='ltr'><em>ἐμβαδὸν</em></span> <span class='ocrx_word' id='word_1_111' title='bbox 929 1561 988 1617; x_wconf 86' lang='grc' dir='ltr'><em>τοῦ</em></span> <span class='ocrx_word' id='word_1_112' title='bbox 1020 1553 1154 1617; x_wconf 91' lang='grc' dir='ltr'><em>κύκλου.</em></span> 
     </span>
    </p>
   </div>
   <div class='ocr_carea' id='block_1_5' title="bbox 68 1424 1301 1851">
    <p class='ocr_par' dir='ltr' id='par_1_5' title="bbox 68 1424 1301 3003">
     <span class='ocr_line' id='line_1_15' title="bbox 68 1424 1301 1746; baseline -0.002 -21"><span class='ocrx_word' id='word_1_113' title='bbox 68 1670 74 1686; x_wconf 78' lang='grc'><strong>“</strong></span> <span class='ocrx_word' id='word_1_114' title='bbox 145 1661 162 1725; x_wconf 89' lang='grc' dir='ltr'>ὁ</span> <span class='ocrx_word' id='word_1_115' title='bbox 195 1656 231 1724; x_wconf 73' lang='grc' dir='ltr'><em>δὲ</em></span> <span class='ocrx_word' id='word_1_116' title='bbox 263 1658 362 1734; x_wconf 85' lang='grc' dir='ltr'><em>αὐτὸς</em></span> <span class='ocrx_word' id='word_1_117' title='bbox 385 1656 580 1743; x_wconf 84' lang='grc' dir='ltr'><em>Ἀρχιμήδης</em></span> <span class='ocrx_word' id='word_1_118' title='bbox 613 1660 783 1722; x_wconf 92' lang='grc' dir='ltr'><em>δείκνυσιν</em></span> <span class='ocrx_word' id='word_1_119' title='bbox 817 1657 852 1722; x_wconf 86' lang='grc' dir='ltr'><em>ἐν</em></span> <span class='ocrx_word' id='word_1_120' title='bbox 879 1667 925 1746; x_wconf 74' lang='grc' dir='ltr'><em>τῷ</em></span> <span class='ocrx_word' id='word_1_121' title='bbox 953 1656 1028 1745; x_wconf 82' lang='grc' dir='ltr'><em>περὶ</em></span> <span class='ocrx_word' id='word_1_122' title='bbox 1059 1664 1155 1723; x_wconf 92' lang='grc' dir='ltr'><em>πλιν-</em></span> <span class='ocrx_word' id='word_1_123' title='bbox 1295 1424 1301 1709; x_wconf 54' lang='grc' dir='ltr'>Ι</span> 
     </span>
     <span class='ocr_line' id='line_1_16' title="bbox 143 1762 1154 1851; baseline -0.003 -19"><span class='ocrx_word' id='word_1_124' title='bbox 143 1769 253 1833; x_wconf 91' lang='grc' dir='ltr'><em>θίδων</em></span> <span class='ocrx_word' id='word_1_125' title='bbox 271 1762 326 1830; x_wconf 80' lang='grc' dir='ltr'><em>καὶ</em></span> <span class='ocrx_word' id='word_1_126' title='bbox 344 1765 543 1850; x_wconf 91' lang='grc' dir='ltr'><em>κυλίνδρων,</em></span> <span class='ocrx_word' id='word_1_127' title='bbox 567 1765 617 1829; x_wconf 79' lang='grc' dir='ltr'><em>ὅτι</em></span> <span class='ocrx_word' id='word_1_128' title='bbox 636 1765 759 1840; x_wconf 88' lang='grc' dir='ltr'><em>παντὸς</em></span> <span class='ocrx_word' id='word_1_129' title='bbox 777 1765 901 1829; x_wconf 79' lang='grc' dir='ltr'><em>κύκλου</em></span> <span class='ocrx_word' id='word_1_130' title='bbox 920 1764 940 1848; x_wconf 84' lang='grc' dir='ltr'><em>ἡ</em></span> <span class='ocrx_word' id='word_1_131' title='bbox 959 1769 1154 1851; x_wconf 84' lang='grc' dir='ltr'><em>περίμετρος</em></span> 
     </span>
    </p>
   </div>
   <div class='ocr_carea' id='block_1_6' title="bbox 12 1867 1298 3623">
    <p class='ocr_par' dir='ltr' id='par_1_6' title="bbox 139 1867 1194 2879">
     <span class='ocr_line' id='line_1_17' title="bbox 143 1867 1194 1958; baseline -0.008 -20"><span class='ocrx_word' id='word_1_132' title='bbox 143 1874 226 1958; x_wconf 89' lang='grc' dir='ltr'><em>πρὸς</em></span> <span class='ocrx_word' id='word_1_133' title='bbox 244 1873 304 1955; x_wconf 82' lang='grc' dir='ltr'><em>τὴν</em></span> <span class='ocrx_word' id='word_1_134' title='bbox 324 1868 500 1956; x_wconf 78' lang='grc' dir='ltr'><em>διάμετρον</em></span> <span class='ocrx_word' id='word_1_135' title='bbox 518 1874 649 1955; x_wconf 78' lang='grc' dir='ltr'><em>μείζονα</em></span> <span class='ocrx_word' id='word_1_136' title='bbox 667 1867 728 1954; x_wconf 70' lang='grc' dir='ltr'><em>μὲν</em></span> <span class='ocrx_word' id='word_1_137' title='bbox 747 1873 848 1953; x_wconf 83' lang='grc' dir='ltr'><em>λόχον</em></span> <span class='ocrx_word' id='word_1_138' title='bbox 867 1874 931 1954; x_wconf 85' lang='grc' dir='ltr'><em>ἔχει</em></span> <span class='ocrx_word' id='word_1_139' title='bbox 952 1871 992 1954; x_wconf 83' lang='grc' dir='ltr'><em>&lt;ή</em></span> <span class='ocrx_word' id='word_1_140' title='bbox 1013 1871 1052 1936; x_wconf 85' lang='grc' dir='ltr'><em>ὃν</em></span> <span class='ocrx_word' id='word_1_141' title='bbox 1066 1873 1153 1955; x_wconf 85' lang='grc' dir='ltr'><em>έχει&gt;</em></span> <span class='ocrx_word' id='word_1_142' title='bbox 1168 1893 1194 1931; x_wconf 85' lang='lat'><em>15</em></span> 
     </span>
     <span class='ocr_line' id='line_1_18' title="bbox 143 1976 1154 2098; baseline -0.001 -20"><span class='ocrx_word' id='word_1_143' title='bbox 143 1990 174 2098; x_wconf 64' lang='grc' dir='ltr'><em>ἷια</em></span> <span class='ocrx_word' id='word_1_144' title='bbox 197 2038 294 2097; x_wconf 75' lang='grc' dir='ltr'><em>χαωοε</em></span> <span class='ocrx_word' id='word_1_145' title='bbox 321 2013 403 2098; x_wconf 87' lang='grc' dir='ltr'><em>πρὸς</em></span> <span class='ocrx_word' id='word_1_146' title='bbox 429 1987 453 2096; x_wconf 72' lang='grc' dir='ltr'><em>β</em></span> <span class='ocrx_word' id='word_1_147' title='bbox 475 2016 585 2097; x_wconf 76' lang='grc' dir='ltr'><em>χζυμα,</em></span> <span class='ocrx_word' id='word_1_148' title='bbox 614 2012 775 2078; x_wconf 85' lang='grc' dir='ltr'><em>έλοίσσονα</em></span> <span class='ocrx_word' id='word_1_149' title='bbox 803 2009 840 2077; x_wconf 72' lang='grc' dir='ltr'><em>δέ</em></span> <span class='ocrx_word' id='word_1_150' title='bbox 867 2012 887 2096; x_wconf 86' lang='grc' dir='ltr'><em>ή</em></span> <span class='ocrx_word' id='word_1_151' title='bbox 916 2011 956 2077; x_wconf 88' lang='grc' dir='ltr'><em>ὃν</em></span> <span class='ocrx_word' id='word_1_152' title='bbox 985 2011 1098 2098; x_wconf 77' lang='grc' dir='ltr'><em>έχει[ν]</em></span> <span class='ocrx_word' id='word_1_153' title='bbox 1125 1976 1154 2097; x_wconf 57' lang='grc' dir='ltr'><em>λέ</em></span> 
     </span>
     <span class='ocr_line' id='line_1_19' title="bbox 139 2127 1153 2240; baseline 0.002 -22"><span class='ocrx_word' id='word_1_154' title='bbox 139 2158 239 2239; x_wconf 73' lang='grc' dir='ltr'><em>χζωπη</em></span> <span class='ocrx_word' id='word_1_155' title='bbox 262 2155 345 2239; x_wconf 90' lang='grc' dir='ltr'><em>πρὸς</em></span> <span class='ocrx_word' id='word_1_156' title='bbox 367 2127 390 2238; x_wconf 71' lang='grc' dir='ltr'><em>β</em></span> <span class='ocrx_word' id='word_1_157' title='bbox 414 2158 516 2239; x_wconf 92' lang='grc' dir='ltr'><em>βτνα·</em></span> <span class='ocrx_word' id='word_1_158' title='bbox 545 2152 615 2218; x_wconf 87' lang='grc' dir='ltr'><em>ἀλλ’</em></span> <span class='ocrx_word' id='word_1_159' title='bbox 644 2152 713 2218; x_wconf 79' lang='grc' dir='ltr'><em>ἐπεὶ</em></span> <span class='ocrx_word' id='word_1_160' title='bbox 737 2149 828 2219; x_wconf 88' lang='grc' dir='ltr'><em>οὗτοι</em></span> <span class='ocrx_word' id='word_1_161' title='bbox 853 2155 885 2218; x_wconf 82' lang='grc' dir='ltr'><em>ολ</em></span> <span class='ocrx_word' id='word_1_162' title='bbox 908 2153 1047 2238; x_wconf 80' lang='grc' dir='ltr'><em>ἀριθμοὶ</em></span> <span class='ocrx_word' id='word_1_163' title='bbox 1071 2157 1153 2240; x_wconf 84' lang='grc' dir='ltr'><em>πρὸς</em></span> 
     </span>
     <span class='ocr_line' id='line_1_20' title="bbox 142 2259 1153 2344; baseline 0.002 -20"><span class='ocrx_word' id='word_1_164' title='bbox 142 2262 200 2336; x_wconf 70' lang='grc' dir='ltr'><em>τοῖς</em></span> <span class='ocrx_word' id='word_1_165' title='bbox 223 2263 392 2344; x_wconf 85' lang='grc' dir='ltr'><em>μετρήσεις</em></span> <span class='ocrx_word' id='word_1_166' title='bbox 416 2259 477 2324; x_wconf 88' lang='grc' dir='ltr'><em>οὐκ</em></span> <span class='ocrx_word' id='word_1_167' title='bbox 500 2260 690 2342; x_wconf 75' lang='grc' dir='ltr'><em>εὐθετοῦσι,</em></span> <span class='ocrx_word' id='word_1_168' title='bbox 716 2260 987 2344; x_wconf 80' lang='grc' dir='ltr'><em>καταβιβάζονται</em></span> <span class='ocrx_word' id='word_1_169' title='bbox 1012 2263 1058 2338; x_wconf 87' lang='grc' dir='ltr'><em>ελς</em></span> <span class='ocrx_word' id='word_1_170' title='bbox 1081 2261 1153 2326; x_wconf 84' lang='grc' dir='ltr'><em>έλα-</em></span> 
     </span>
     <span class='ocr_line' id='line_1_21' title="bbox 143 2365 1154 2452; baseline 0.001 -21"><span class='ocrx_word' id='word_1_171' title='bbox 143 2370 275 2450; x_wconf 91' lang='grc' dir='ltr'><em>χίστους</em></span> <span class='ocrx_word' id='word_1_172' title='bbox 303 2365 482 2451; x_wconf 85' lang='grc' dir='ltr'><em>ἀριθμούς,</em></span> <span class='ocrx_word' id='word_1_173' title='bbox 511 2366 555 2442; x_wconf 84' lang='grc' dir='ltr'><em>ὡς</em></span> <span class='ocrx_word' id='word_1_174' title='bbox 581 2367 640 2430; x_wconf 90' lang='grc' dir='ltr'><em>τὸν</em></span> <span class='ocrx_word' id='word_1_175' title='bbox 667 2370 708 2449; x_wconf 92' lang='grc' dir='ltr'><em>κβ</em></span> <span class='ocrx_word' id='word_1_176' title='bbox 736 2368 817 2452; x_wconf 91' lang='grc' dir='ltr'><em>πρὸς</em></span> <span class='ocrx_word' id='word_1_177' title='bbox 844 2368 884 2431; x_wconf 82' lang='grc' dir='ltr'><em>τὰ</em></span> <span class='ocrx_word' id='word_1_178' title='bbox 911 2371 934 2446; x_wconf 83' lang='grc' dir='ltr'><em>ζ.</em></span> <span class='ocrx_word' id='word_1_179' title='bbox 984 2369 1067 2432; x_wconf 84' lang='grc' dir='ltr'><em>ὥστε</em></span> <span class='ocrx_word' id='word_1_180' title='bbox 1095 2368 1154 2432; x_wconf 80' lang='grc' dir='ltr'><em>ἐὰν</em></span> 
     </span>
     <span class='ocr_line' id='line_1_22' title="bbox 143 2471 1194 2558; baseline -0.004 -21"><span class='ocrx_word' id='word_1_181' title='bbox 143 2475 230 2558; x_wconf 84' lang='grc' dir='ltr'><em>δοθή</em></span> <span class='ocrx_word' id='word_1_182' title='bbox 253 2471 273 2554; x_wconf 79' lang='grc' dir='ltr'><em>ἡ</em></span> <span class='ocrx_word' id='word_1_183' title='bbox 298 2472 471 2557; x_wconf 77' lang='grc' dir='ltr'><em>διάμετρος</em></span> <span class='ocrx_word' id='word_1_184' title='bbox 491 2481 550 2537; x_wconf 86' lang='grc' dir='ltr'><em>τοῦ</em></span> <span class='ocrx_word' id='word_1_185' title='bbox 569 2473 693 2538; x_wconf 91' lang='grc' dir='ltr'><em>κύκλου</em></span> <span class='ocrx_word' id='word_1_186' title='bbox 712 2473 852 2556; x_wconf 79' lang='grc' dir='ltr'><em>εἰτύχοι</em></span> <span class='ocrx_word' id='word_1_187' title='bbox 870 2474 1026 2557; x_wconf 87' lang='grc' dir='ltr'><em>μονύδων</em></span> <span class='ocrx_word' id='word_1_188' title='bbox 1045 2475 1079 2538; x_wconf 94' lang='grc' dir='ltr'><em>ιδ</em></span> <span class='ocrx_word' id='word_1_189' title='bbox 1097 2473 1194 2539; x_wconf 77' lang='grc' dir='ltr'><em>καίεο</em></span> 
     </span>
     <span class='ocr_line' id='line_1_23' title="bbox 143 2579 1152 2665; baseline 0.001 -22"><span class='ocrx_word' id='word_1_190' title='bbox 143 2579 304 2662; x_wconf 85' lang='grc' dir='ltr'><em>βούληταί</em></span> <span class='ocrx_word' id='word_1_191' title='bbox 324 2601 373 2654; x_wconf 90' lang='grc' dir='ltr'><em>τις</em></span> <span class='ocrx_word' id='word_1_192' title='bbox 396 2579 457 2661; x_wconf 83' lang='grc' dir='ltr'><em>τήν</em></span> <span class='ocrx_word' id='word_1_193' title='bbox 479 2582 675 2664; x_wconf 86' lang='grc' dir='ltr'><em>περίμετρον</em></span> <span class='ocrx_word' id='word_1_194' title='bbox 695 2580 814 2665; x_wconf 87' lang='grc' dir='ltr'><em>εὑρεῖν,</em></span> <span class='ocrx_word' id='word_1_195' title='bbox 839 2582 889 2644; x_wconf 94' lang='grc' dir='ltr'><em>δεῖ</em></span> <span class='ocrx_word' id='word_1_196' title='bbox 907 2590 1040 2664; x_wconf 85' lang='grc' dir='ltr'><em>ποιήσαι</em></span> <span class='ocrx_word' id='word_1_197' title='bbox 1059 2583 1098 2645; x_wconf 80' lang='grc' dir='ltr'><em>τὰ</em></span> <span class='ocrx_word' id='word_1_198' title='bbox 1118 2583 1152 2644; x_wconf 93' lang='grc' dir='ltr'><em>ιδ</em></span> 
     </span>
     <span class='ocr_line' id='line_1_24' title="bbox 144 2682 1152 2772; baseline 0.004 -23"><span class='ocrx_word' id='word_1_199' title='bbox 144 2683 197 2749; x_wconf 83' lang='grc' dir='ltr'><em>ἐπὶ</em></span> <span class='ocrx_word' id='word_1_200' title='bbox 220 2686 259 2748; x_wconf 81' lang='grc' dir='ltr'><em>τὰ</em></span> <span class='ocrx_word' id='word_1_201' title='bbox 282 2686 324 2767; x_wconf 91' lang='grc' dir='ltr'><em>κβ</em></span> <span class='ocrx_word' id='word_1_202' title='bbox 346 2682 401 2748; x_wconf 84' lang='grc' dir='ltr'><em>καλ</em></span> <span class='ocrx_word' id='word_1_203' title='bbox 424 2684 550 2748; x_wconf 92' lang='grc' dir='ltr'><em>τούτων</em></span> <span class='ocrx_word' id='word_1_204' title='bbox 569 2688 683 2767; x_wconf 90' lang='grc' dir='ltr'><em>λαβεῖν</em></span> <span class='ocrx_word' id='word_1_205' title='bbox 701 2687 737 2751; x_wconf 91' lang='grc' dir='ltr'><em>τὸ</em></span> <span class='ocrx_word' id='word_1_206' title='bbox 757 2684 913 2770; x_wconf 76' lang='grc' dir='ltr'><em>ἕβδομον,</em></span> <span class='ocrx_word' id='word_1_207' title='bbox 937 2685 991 2750; x_wconf 84' lang='grc' dir='ltr'><em>καὶ</em></span> <span class='ocrx_word' id='word_1_208' title='bbox 1011 2686 1152 2772; x_wconf 85' lang='grc' dir='ltr'><em>ἀποφαί-</em></span> 
     </span>
     <span class='ocr_line' id='line_1_25' title="bbox 143 2788 1150 2879; baseline 0.002 -23"><span class='ocrx_word' id='word_1_209' title='bbox 143 2799 262 2856; x_wconf 89' lang='grc' dir='ltr'><em>νεσθαι</em></span> <span class='ocrx_word' id='word_1_210' title='bbox 281 2792 442 2856; x_wconf 83' lang='grc' dir='ltr'><em>τοσούτου</em></span> <span class='ocrx_word' id='word_1_211' title='bbox 460 2792 520 2873; x_wconf 83' lang='grc' dir='ltr'><em>τὴν</em></span> <span class='ocrx_word' id='word_1_212' title='bbox 542 2796 749 2877; x_wconf 81' lang='grc' dir='ltr'><em>περίμετρον</em></span> <span class='ocrx_word' id='word_1_213' title='bbox 774 2796 841 2856; x_wconf 82' lang='grc' dir='ltr'><em>ἔστι</em></span> <span class='ocrx_word' id='word_1_214' title='bbox 865 2788 901 2856; x_wconf 79' lang='grc' dir='ltr'><em>δδ</em></span> <span class='ocrx_word' id='word_1_215' title='bbox 920 2794 1075 2877; x_wconf 85' lang='grc' dir='ltr'><em>μονοίδων</em></span> <span class='ocrx_word' id='word_1_216' title='bbox 1097 2797 1150 2879; x_wconf 93' lang='grc' dir='ltr'><em>μδ.</em></span> 
     </span>
    </p>

    <p class='ocr_par' dir='ltr' id='par_1_7' title="bbox 12 2883 1298 3623">
     <span class='ocr_line' id='line_1_26' title="bbox 12 2883 1151 2985; baseline 0.004 -24"><span class='ocrx_word' id='word_1_217' title='bbox 12 2915 125 2961; x_wconf 70' lang='lat' dir='ltr'><em>„101.s1v</em></span> <span class='ocrx_word' id='word_1_218' title='bbox 143 2896 198 2963; x_wconf 84' lang='grc' dir='ltr'><em>καὶ</em></span> <span class='ocrx_word' id='word_1_219' title='bbox 217 2894 390 2984; x_wconf 81' lang='grc' dir='ltr'><em>ἀνύπαΙλιν</em></span> <span class='ocrx_word' id='word_1_220' title='bbox 414 2894 460 2980; x_wconf 73' lang='grc' dir='ltr'><em>δὲ,</em></span> <span class='ocrx_word' id='word_1_221' title='bbox 484 2897 541 2962; x_wconf 85' lang='grc' dir='ltr'><em>έδιν</em></span> <span class='ocrx_word' id='word_1_222' title='bbox 565 2899 651 2984; x_wconf 79' lang='grc' dir='ltr'><em>δοθή</em></span> <span class='ocrx_word' id='word_1_223' title='bbox 675 2898 694 2982; x_wconf 85' lang='grc' dir='ltr'><em>ή</em></span> <span class='ocrx_word' id='word_1_224' title='bbox 718 2883 910 2985; x_wconf 88' lang='grc' dir='ltr'><em>περίμετρος</em></span> <span class='ocrx_word' id='word_1_225' title='bbox 932 2901 1088 2983; x_wconf 80' lang='grc' dir='ltr'><em>μονοίδων</em></span> <span class='ocrx_word' id='word_1_226' title='bbox 1106 2903 1151 2985; x_wconf 93' lang='grc' dir='ltr'><em>μδ</em></span> 
     </span>
     <span class='ocr_line' id='line_1_27' title="bbox 142 3002 1193 3092; baseline 0 -24"><span class='ocrx_word' id='word_1_227' title='bbox 142 3002 198 3068; x_wconf 81' lang='grc' dir='ltr'><em>καὶ</em></span> <span class='ocrx_word' id='word_1_228' title='bbox 225 3005 423 3088; x_wconf 86' lang='grc' dir='ltr'><em>βουλώμεθα</em></span> <span class='ocrx_word' id='word_1_229' title='bbox 450 3005 510 3087; x_wconf 83' lang='grc' dir='ltr'><em>τήν</em></span> <span class='ocrx_word' id='word_1_230' title='bbox 538 3006 715 3091; x_wconf 80' lang='grc' dir='ltr'><em>διάμετρον</em></span> <span class='ocrx_word' id='word_1_231' title='bbox 747 3005 871 3092; x_wconf 88' lang='grc' dir='ltr'><em>εὑρεῖν,</em></span> <span class='ocrx_word' id='word_1_232' title='bbox 903 3009 1084 3091; x_wconf 90' lang='grc' dir='ltr'><em>ποιήσομεν</em></span> <span class='ocrx_word' id='word_1_233' title='bbox 1110 3011 1150 3074; x_wconf 81' lang='grc' dir='ltr'><em>τὰ</em></span> <span class='ocrx_word' id='word_1_234' title='bbox 1164 3027 1193 3068; x_wconf 78' lang='grc' dir='ltr'><em>τε</em></span> 
     </span>
     <span class='ocr_line' id='line_1_28' title="bbox 143 3108 1150 3198; baseline 0.005 -24"><span class='ocrx_word' id='word_1_235' title='bbox 143 3112 188 3195; x_wconf 91' lang='grc' dir='ltr'><em>μδ</em></span> <span class='ocrx_word' id='word_1_236' title='bbox 212 3108 341 3186; x_wconf 80' lang='grc' dir='ltr'><em>ἑπτάκις</em></span> <span class='ocrx_word' id='word_1_237' title='bbox 364 3109 418 3174; x_wconf 84' lang='grc' dir='ltr'><em>καὶ</em></span> <span class='ocrx_word' id='word_1_238' title='bbox 441 3121 508 3175; x_wconf 85' lang='grc' dir='ltr'><em>τῶν</em></span> <span class='ocrx_word' id='word_1_239' title='bbox 521 3110 709 3196; x_wconf 80' lang='grc' dir='ltr'><em>γενομένων</em></span> <span class='ocrx_word' id='word_1_240' title='bbox 731 3113 768 3176; x_wconf 89' lang='grc' dir='ltr'><em>τὸ</em></span> <span class='ocrx_word' id='word_1_241' title='bbox 788 3111 837 3196; x_wconf 85' lang='grc' dir='ltr'><em>κβ</em></span> <span class='ocrx_word' id='word_1_242' title='bbox 856 3115 1013 3195; x_wconf 85' lang='grc' dir='ltr'><em>λαβόντες</em></span> <span class='ocrx_word' id='word_1_243' title='bbox 1036 3112 1150 3198; x_wconf 77' lang='grc' dir='ltr'><em>ἕξομεν</em></span> 
     </span>
     <span class='ocr_line' id='line_1_29' title="bbox 143 3214 1149 3306; baseline 0.003 -25"><span class='ocrx_word' id='word_1_244' title='bbox 143 3218 203 3300; x_wconf 85' lang='grc' dir='ltr'><em>τήν</em></span> <span class='ocrx_word' id='word_1_245' title='bbox 227 3217 413 3303; x_wconf 82' lang='grc' dir='ltr'><em>διοίμετρον·</em></span> <span class='ocrx_word' id='word_1_246' title='bbox 439 3220 506 3282; x_wconf 83' lang='grc' dir='ltr'><em>ἔστι</em></span> <span class='ocrx_word' id='word_1_247' title='bbox 530 3214 566 3282; x_wconf 74' lang='grc' dir='ltr'><em>δὲ</em></span> <span class='ocrx_word' id='word_1_248' title='bbox 591 3220 631 3283; x_wconf 92' lang='grc' dir='ltr'><em>ιδ.</em></span> <span class='ocrx_word' id='word_1_249' title='bbox 661 3220 810 3283; x_wconf 89' lang='grc' dir='ltr'><em>δείκνυσι</em></span> <span class='ocrx_word' id='word_1_250' title='bbox 833 3215 869 3282; x_wconf 70' lang='grc' dir='ltr'><em>δέ</em></span> <span class='ocrx_word' id='word_1_251' title='bbox 893 3219 1024 3296; x_wconf 88' lang='grc' dir='ltr'><em>ὁαύτδς</em></span> <span class='ocrx_word' id='word_1_252' title='bbox 1042 3219 1149 3306; x_wconf 86' lang='grc' dir='ltr'><em>Ἀρχι-</em></span> 
     </span>
     <span class='ocr_line' id='line_1_30' title="bbox 143 3323 1147 3412; baseline 0.003 -23"><span class='ocrx_word' id='word_1_253' title='bbox 143 3326 247 3409; x_wconf 92' lang='grc' dir='ltr'><em>μήδης</em></span> <span class='ocrx_word' id='word_1_254' title='bbox 274 3324 310 3389; x_wconf 83' lang='grc' dir='ltr'><em>ἐν</em></span> <span class='ocrx_word' id='word_1_255' title='bbox 337 3334 375 3410; x_wconf 81' lang='grc' dir='ltr'><em>τή</em></span> <span class='ocrx_word' id='word_1_256' title='bbox 403 3333 463 3390; x_wconf 86' lang='grc' dir='ltr'><em>τοῦ</em></span> <span class='ocrx_word' id='word_1_257' title='bbox 494 3325 619 3390; x_wconf 92' lang='grc' dir='ltr'><em>κύκλον</em></span> <span class='ocrx_word' id='word_1_258' title='bbox 646 3328 798 3411; x_wconf 91' lang='grc' dir='ltr'><em>μετρήσει</em></span> <span class='ocrx_word' id='word_1_259' title='bbox 825 3323 863 3412; x_wconf 85' lang='lat' dir='ltr'><em>(e.</em></span> <span class='ocrx_word' id='word_1_260' title='bbox 893 3334 909 3389; x_wconf 91' lang='lat'>1</span> <span class='ocrx_word' id='word_1_261' title='bbox 939 3335 960 3390; x_wconf 72' lang='lat' dir='ltr'><em>t.</em></span> <span class='ocrx_word' id='word_1_262' title='bbox 988 3324 1004 3389; x_wconf 91' lang='lat' dir='ltr'>I</span> <span class='ocrx_word' id='word_1_263' title='bbox 1031 3353 1060 3407; x_wconf 88' lang='lat' dir='ltr'><em>p.</em></span> <span class='ocrx_word' id='word_1_264' title='bbox 1085 3334 1147 3392; x_wconf 78' lang='lat'><em>259</em></span> 
     </span>
     <span class='ocr_line' id='line_1_31' title="bbox 142 3431 1149 3518; baseline 0.004 -24"><span class='ocrx_word' id='word_1_265' title='bbox 142 3433 254 3514; x_wconf 83' lang='lat' dir='ltr'>Heib.),</span> <span class='ocrx_word' id='word_1_266' title='bbox 287 3431 338 3496; x_wconf 82' lang='grc' dir='ltr'><em>ὅτι</em></span> <span class='ocrx_word' id='word_1_267' title='bbox 370 3433 406 3496; x_wconf 87' lang='grc' dir='ltr'><em>τὸ</em></span> <span class='ocrx_word' id='word_1_268' title='bbox 435 3431 500 3495; x_wconf 84' lang='grc' dir='ltr'><em>ὑπὸ</em></span> <span class='ocrx_word' id='word_1_269' title='bbox 528 3439 585 3514; x_wconf 86' lang='grc' dir='ltr'><em>τής</em></span> <span class='ocrx_word' id='word_1_270' title='bbox 612 3436 822 3518; x_wconf 80' lang='grc' dir='ltr'><em>περιφερείας</em></span> <span class='ocrx_word' id='word_1_271' title='bbox 853 3441 912 3497; x_wconf 84' lang='grc' dir='ltr'><em>τοῦ</em></span> <span class='ocrx_word' id='word_1_272' title='bbox 939 3434 1063 3498; x_wconf 93' lang='grc' dir='ltr'><em>κύκλου</em></span> <span class='ocrx_word' id='word_1_273' title='bbox 1094 3433 1149 3498; x_wconf 80' lang='grc' dir='ltr'><em>καὶ</em></span> 
     </span>
     <span class='ocr_line' id='line_1_32' title="bbox 141 3536 1298 3623; baseline -0.001 -22"><span class='ocrx_word' id='word_1_274' title='bbox 141 3547 200 3622; x_wconf 88' lang='grc' dir='ltr'><em>τής</em></span> <span class='ocrx_word' id='word_1_275' title='bbox 222 3536 257 3603; x_wconf 87' lang='grc' dir='ltr'><em>έκ</em></span> <span class='ocrx_word' id='word_1_276' title='bbox 280 3547 339 3602; x_wconf 84' lang='grc' dir='ltr'><em>τοῦ</em></span> <span class='ocrx_word' id='word_1_277' title='bbox 362 3536 501 3623; x_wconf 90' lang='grc' dir='ltr'><em>κέντρου</em></span> <span class='ocrx_word' id='word_1_278' title='bbox 525 3538 701 3602; x_wconf 83' lang='grc' dir='ltr'><em>διπλάσιόν</em></span> <span class='ocrx_word' id='word_1_279' title='bbox 724 3538 791 3604; x_wconf 80' lang='grc' dir='ltr'><em>ἐστι</em></span> <span class='ocrx_word' id='word_1_280' title='bbox 818 3547 878 3603; x_wconf 83' lang='grc' dir='ltr'><em>τοῦ</em></span> <span class='ocrx_word' id='word_1_281' title='bbox 901 3540 1037 3604; x_wconf 90' lang='grc' dir='ltr'><em>κύκλου·</em></span> <span class='ocrx_word' id='word_1_282' title='bbox 1066 3541 1149 3606; x_wconf 81' lang='grc' dir='ltr'><em>ὥστε</em></span> <span class='ocrx_word' id='word_1_283' title='bbox 1163 3560 1193 3600; x_wconf 82' lang='grc' dir='ltr'><em>οο</em></span> <span class='ocrx_word' id='word_1_284' title='bbox 1297 3557 1298 3560; x_wconf 71' lang='grc'>’</span> 
     </span>
    </p>
   </div>
   <div class='ocr_carea' id='block_1_7' title="bbox 0 0 1308 3868">
    <p class='ocr_par' dir='ltr' id='par_1_8' title="bbox 0 0 1308 3868">
     <span class='ocr_line' id='line_1_33' title="bbox 0 0 1308 3868; baseline 0 0"><span class='ocrx_word' id='word_1_285' title='bbox 0 0 1308 3868; x_wconf 95' lang='lat' dir='ltr'><em> </em></span> 
     </span>
    </p>
   </div>
  </div>
 </body>
</html>
