2644 3870
156 233 220 297 134
319 234 469 288 Ηεααοε
487 229 753 292 mmmm
770 232 956 285 ΜΕΤΡΙΚΩΝ
974 234 996 282 Β

153 398 272 478 γωνίαι
304 398 450 460 ἔστωσαν
482 397 516 460 αἰ
547 396 630 478 πρὸς
659 405 729 471 τοῖς
756 397 975 459 ΑΒΓΔΕΖ
1004 396 1162 477 σημείοις·

153 510 251 567 τοῦτο
275 498 312 567 δὲ
336 501 503 582 σύγκειται
523 500 558 566 ἐκ
577 485 639 566 δύο
658 502 864 585 πυραμίδων,
888 494 936 566 ὧν
953 501 1049 583 βάσις
1066 500 1162 582 κοινὴ

153 609 190 673 τὸ
214 610 352 672 ΑΒΓΔ
378 609 600 694 τετράγωνον,
628 605 772 692 κορυφαί
801 604 838 672 δί
860 607 900 672 τά
916 611 962 689 E,
983 610 1010 669 Z
1033 616 1162 690 σημεῖα·

154 712 306 798 ἑκατέρας
349 716 413 801 άρα
453 713 564 779 αὐτῶν
604 715 799 799 τριπλάσιόν
841 712 909 778 ἐστι
950 714 986 777 τὸ
1029 713 1163 795 στερεὸν

152 821 492 906 παραλληλεπίπεδον,
514 816 554 886 οὗ
573 820 669 905 βάσις
686 817 747 904 μέν
766 819 835 885 ἐστι
853 821 890 884 τὸ
909 822 1056 902 ΑΒΓΔ,
1078 819 1164 896 ὕψος
1192 836 1204 876 5

153 924 190 992 δέ
209 929 245 992 τὸ
263 928 365 1012 ἥμισυ
384 937 440 1011 της
454 932 530 992 ΕΖ·
550 927 633 993 ὥστε
652 927 732 992 ὅλου
750 935 810 992 τοῦ
829 925 1009 1010 ὀκταέδρου
1028 927 1164 1011 τριπλά-

153 1037 228 1100 σιόν
251 1033 319 1099 ἐστι
342 1034 379 1100 τὸ
403 1035 537 1120 στερεὸν
559 1034 899 1118 παραλληλεπίπεδον,
923 1027 963 1098 οὗ
986 1033 1083 1116 βάσις
1102 1027 1164 1114 μέν

153 1143 190 1206 τὸ
223 1144 360 1205 ΑΒΓΔ
380 1142 617 1225 τετράγωνον,
649 1139 734 1218 ὕψος
767 1136 803 1204 δί
835 1138 855 1222 ἡ
885 1143 949 1203 ΕΖ
981 1139 1163 1221 διάμετρος.

154 1245 222 1312 έπεί
251 1243 313 1312 ούν
343 1246 411 1312 έστι
438 1248 475 1311 τὸ
504 1245 567 1311 άπὸ
595 1255 653 1329 της
675 1251 741 1312 ΕΑ
764 1247 920 1330 μονάδων
942 1252 1011 1329 μθ,
1039 1245 1075 1309 τὸ
1099 1246 1164 1330 άρα

153 1352 217 1418 άπὸ
245 1363 303 1436 τῆς
325 1359 389 1418 ΕΖ
416 1356 507 1418 ἔσται
531 1373 588 1436 οη·
615 1351 636 1435 ἡ
664 1353 728 1438 άρα
751 1356 813 1416 ΕΖ
842 1352 886 1428 ώς
913 1354 1047 1433 ἔγγιστα
1073 1353 1163 1415 ἔσται
1177 1371 1204 1410 ιο

152 1461 309 1544 μονάδων
332 1487 353 1525 ι.
399 1457 468 1524 ἐπεὶ
495 1454 557 1525 οὖν
579 1459 599 1543 η
623 1462 688 1523 ΑΒ
713 1457 780 1523 ἐστί
803 1459 959 1542 μονάδων
983 1461 1012 1541 ζ,
1039 1458 1076 1522 τὸ
1100 1457 1164 1541 άρα

153 1557 291 1632 ΑΒΓΔ
318 1568 526 1650 τετράγωνον
553 1568 643 1631 ἔσται
670 1565 827 1649 μονάδων
853 1571 919 1648 μθ·
947 1561 1002 1628 καί
1030 1562 1162 1646 έστινη

141 1677 216 1737 ΒΖ
243 1673 329 1751 ὕψος
355 1682 415 1739 τοῦ
444 1681 591 1759 στερεοῦ·
619 1673 656 1736 τὸ
681 1673 744 1757 ἄρα
767 1672 901 1757 στερεὸν
923 1674 1164 1756 παραλληλεπί-

152 1782 256 1845 πεδον
288 1782 378 1844 ἔσται
410 1780 566 1863 μονάδων
597 1797 657 1854 νο·
689 1775 743 1843 καί
775 1780 844 1842 ἔστι
876 1777 1072 1862 τριπλάσιον
1103 1784 1163 1840 τοῦ

153 1885 346 1970 ὀκταέδρου·
374 1887 411 1952 τὸ
439 1887 502 1972 άρα
528 1885 707 1969 ὀκτάεδρον
730 1887 821 1949 ἔσται
844 1882 913 1969 ρξγ
931 1881 974 1966 γ’·
1002 1883 1163 1947 τοσούτου
1178 1903 1205 1944 15

153 1995 243 2058 ἔσται
267 1994 304 2058 τὸ
329 1996 471 2079 στερεόν.

220 2124 262 2182 ιη.
283 2098 390 2165 Ἔστω
415 2099 628 2183 εἰκοσάεδρον
650 2097 864 2183 <μετρῆσαι>,
893 2091 933 2162 οὗ
958 2094 1074 2180 ἑκάστη
1098 2107 1164 2161 τών

152 2211 306 2289 πλευρῶν
338 2208 420 2271 ἔστω
448 2206 604 2288 μονάδων
632 2229 652 2268 ι.
700 2202 769 2268 ἐπεὶ
797 2199 859 2268 οὖν
886 2204 923 2268 τὸ
952 2204 1165 2289 εἰκοσάεδρον

152 2311 217 2376 ύπὸ
250 2317 353 2377 εἰκοσι
385 2311 557 2397 τριγώνων
588 2310 795 2394 ἰσοπλεύρων
820 2308 1018 2395 περιέχεται,
1050 2313 1165 2392 νενοή-

153 2423 291 2483 σθωσαν
323 2417 386 2483 άπὸ
419 2427 479 2482 τοῦ
510 2416 649 2499 κέντρου
681 2425 738 2499 της
768 2419 911 2501 σφαίρας
938 2415 1163 2500 ἐπεζευγμέναι
1179 2437 1206 2476 νο

47 2539 86 2581 101.
99 2541 136 2582 9³²
154 2524 327 2608 (εὐθεῖαι)
351 2521 404 2589 έπί
427 2524 485 2599 τδις
507 2534 574 2588 τών
592 2523 764 2608 τριγώνων
782 2525 917 2605 γωνίας·
941 2519 1082 2609 έΙσονται
1101 2525 1165 2606 άρα

153 2637 257 2696 εἰκοσι
293 2631 475 2716 πυραμίδες
512 2635 580 2695 ἰσαι
616 2630 729 2713 βάσεις
765 2625 827 2713 μὲν
863 2631 997 2713 ἔχουσαι
1033 2631 1073 2694 τά
1105 2638 1165 2694 τοῦ

153 2736 367 2820 εἰκοσαέδρου
385 2741 540 2822 τρίγωνα,
559 2737 709 2822 κορυφάς
728 2732 764 2801 δί
783 2737 820 2801 τὸ
839 2735 978 2822 κέντρον
995 2745 1053 2819 της
1067 2739 1165 2820 σφαί-

154 2864 225 2930 ρας·
248 2841 303 2909 καί
327 2847 385 2928 μία
408 2842 518 2908 αύτών
535 2843 761 2927 <νε>νοη’σθω,
785 2837 823 2925 ἧς
846 2843 941 2926 βάσις
959 2841 1021 2926 μέν
1040 2841 1108 2906 έστι
1127 2843 1164 2907 τό

154 2954 257 3016 ΑΒΓ
271 2953 446 3036 τρίγωνον,
465 2951 596 3036 κορυφὴ
616 2946 652 3015 δὲ
671 2951 707 3014 τὸ
722 2955 755 3014 Δ
774 2947 994 3033 σημεῖον,καί
1013 2950 1164 3033 εἰλήφθω
1179 2967 1205 3008 25
1315 2995 1318 3000 Δ

153 3058 190 3122 τὸ
213 3055 351 3139 κέντρον
374 3065 433 3121 τοῦ
456 3055 532 3141 περί
555 3057 592 3121 τὸ
613 3060 718 3121 ΑΒΓ
737 3059 902 3140 τρίγωνον
924 3055 1049 3122 κύκλου
1071 3056 1108 3120 τὸ
1127 3059 1165 3119 Ε.

152 3161 207 3229 καί
241 3163 424 3247 ἐπεζεύχθω
456 3162 476 3247 ἡ
505 3168 584 3227 ΔΕ·
618 3162 687 3228 ἐπεὶ
720 3158 783 3228 οὖν
813 3162 833 3245 ἡ
864 3171 924 3226 τοῦ
953 3161 1166 3246 εἰκοσαέδρου

153 3272 280 3357 πλευρά
302 3271 385 3357 πρὸς
408 3271 469 3354 την
492 3269 555 3336 άπὸ
578 3279 638 3335 τοῦ
661 3268 802 3352 κέντρου
824 3278 881 3351 τῆς
904 3271 1047 3355 σφαίρας
1067 3269 1167 3333 κάθε-

153 3402 213 3444 τον
241 3376 407 3462 ἀγομένην
434 3375 487 3442 έπί
516 3377 553 3441 ’έν
580 3388 647 3442 τῶν
674 3385 734 3441 τοῦ
758 3373 971 3461 εἰκοσαέδρου
994 3375 1166 3461 τριγώνων
1267 3395 1272 3403 ·

54 3554 119 3574 .-
155 3489 257 3570 λόγον
288 3489 370 3570 ἔχει,
402 3483 485 3568 <δν>
516 3485 556 3548 τά
584 3486 650 3568 ρκζ
676 3482 758 3565 πρὸς
786 3482 825 3545 τά
854 3504 913 3564 ογ,
944 3479 999 3546 καὶ
1027 3483 1118 3546 ἔστιν
1145 3480 1207 3562 ἡοο

179 3603 214 3658 νύ
251 3591 465 3675 εἰκοσαέδρου
501 3591 627 3675 πλευρά
664 3588 820 3672 μονάδων
853 3611 889 3671 υ,
927 3589 1016 3651 ἔσται
1050 3588 1114 3672 ὀίρα
1145 3587 1165 3670 η
