2606 3868
152 193 195 254 74
318 192 467 245 ΗΡΩΝΟΣ
485 189 751 250 ΑΛΕΞΑΝΔΡΕΩΣ
770 193 956 246 ΜΕΤΡΙΚΩΝ
975 195 998 244 Α

150 354 269 431 θέντες
301 357 363 440 γάρ
397 354 500 418 αὐτοῦ
532 355 593 437 τὴν
624 355 723 438 βάσιν
754 353 808 419 καὶ
840 356 901 438 τὴν
932 356 1076 420 κάθετον
1108 353 1163 419 καὶ

151 462 280 526 τούτων
298 462 334 525 τὸ
354 461 455 544 ἡμισυ
474 461 696 544 λαμβάνοντες
715 459 768 524 ἐπὶ
786 462 847 544 τὴν
864 462 1009 526 κάθετον
1028 461 1165 527 ἐποίουν

150 565 203 632 καὶ
233 567 439 650 το<σο>ύτου
467 568 503 632 τὸ
532 565 676 651 ἐμβαδὸν
704 570 807 651 <τοῦ>
833 571 998 653 τμήματος
1025 568 1164 652 άπεφαί-

151 697 259 739 νοντο.
301 676 438 739 δοκοῦσι
458 669 495 738 δέ
514 669 606 739 οὗτοι
624 673 888 758 ἡκολουθηκέναι
906 686 976 750 τοῖς
994 676 1055 758 τὴν
1072 679 1164 760 περί-

151 803 272 866 μετρον
299 789 359 846 τοῦ
386 780 510 845 κύκλου
538 784 755 865 τριπλασίονα
782 781 1075 865 ὑπολαμβάνουσιν
1107 790 1164 865 της
1191 799 1206 838 ⁵

152 883 338 972 διαμέτρου.
385 886 443 952 ἐὰν
466 889 528 972 γάρ
552 886 749 971 ἡμικύκλιον
771 890 853 953 κατά
875 889 936 972 τὴν
963 888 1163 972 τ<οι>αύτην

150 993 316 1058 ὑπόθεσιν
355 1005 539 1078 μετρῶμεν,
579 992 801 1076 άκολουθὴσει
841 995 878 1058 τὸ
920 993 1065 1078 ἐμβαδὸν
1103 1004 1163 1060 τοῦ

151 1097 348 1182 ἡμικυκλίου
390 1100 572 1184 σύμφωνον
612 1109 651 1185 τῇ
693 1099 846 1186 εἰρημένῃ
887 1102 1030 1188 μεθόδῳ.
1090 1093 1163 1166 οἷον

150 1207 233 1270 ἐστω
257 1205 467 1290 ἡμικύκλιον,
496 1201 536 1272 οὗ
560 1206 733 1292 διάμετρος
755 1205 775 1289 ἡ
805 1211 869 1270 ΑΒ
892 1205 948 1271 καὶ
974 1207 1115 1283 κάθετος
1142 1206 1162 1290 ἡ

152 1315 226 1377 ΓΛ.
271 1311 326 1378 καὶ
349 1316 431 1378 ἔστω
454 1313 474 1396 ἡ
498 1313 672 1398 διάμετρος
695 1311 851 1397 μονάδων
875 1317 916 1397 ιβ.
961 1313 981 1397 ἡ
1010 1315 1074 1398 άρα
1097 1316 1163 1378 ΓΛ
1178 1333 1205 1371 ιο

150 1419 307 1503 μονάδων
339 1441 366 1494 ς.
417 1420 541 1486 οὐκοῦν
567 1419 587 1503 ἡ
615 1428 676 1485 τοῦ
703 1420 827 1484 κύκλου
854 1419 1046 1506 περιφέρεια
1073 1423 1163 1485 ἔσται

150 1526 307 1610 μονάδων
339 1531 387 1600 λς.
442 1526 461 1610 ἡ
499 1527 562 1611 άρα
597 1536 658 1592 τοῦ
694 1525 891 1610 ἡμικυκλίου
927 1526 1084 1611 μονάδων
1122 1552 1163 1610 ιη.

151 1630 221 1698 ἐπεὶ
244 1627 307 1698 οὖν
330 1632 475 1716 ἐδείχθη,
499 1633 549 1698 ὅτι
572 1634 609 1697 τὸ
632 1633 697 1697 ὑπὸ
720 1642 778 1716 τῆς
799 1637 1010 1719 περιφερείας
1033 1631 1164 1716 καὶτῆς

150 1739 186 1803 ἐκ
213 1748 274 1804 τοῦ
300 1738 440 1823 κέντρου
473 1739 650 1804 διπλάσιόν
681 1738 749 1804 ἐστι
782 1748 842 1804 τοῦ
874 1743 1009 1825 χωρίου,
1041 1741 1092 1804 δεῖ
1123 1741 1164 1804 τά

150 1871 184 1929 ιη
218 1844 570 1920 πολλαπλασιάσαντας
608 1844 661 1910 ἐπὶ
695 1847 735 1910 τδι
772 1868 791 1920 ς
824 1849 939 1928 λαβεῖν
973 1846 1010 1910 τὸ
1047 1846 1162 1930 ἡμισυ·
1178 1865 1205 1904 1⁵

150 1950 214 2016 ελσὸ
233 1949 270 2017 δὸ
288 1950 431 2036 μονάδες
448 1953 499 2016 νδ.
544 1953 626 2016 ὥστε
651 1961 711 2017 τοῦ
735 1952 933 2036 ἡμικυκλίου
956 1953 993 2018 τὸ
1019 1952 1165 2036 ἐμβαδὸν

150 2060 231 2123 κατά
260 2060 321 2142 τὴν
348 2057 525 2145 εἰρημένην
552 2059 718 2123 ὑπόθεσιν
741 2061 831 2123 ἐσται
854 2059 1010 2143 μονάδων
1032 2061 1083 2124 νδ.
1125 2061 1163 2124 τὸ

151 2162 180 2229 δ’
208 2163 288 2229 αὐτὸ
312 2167 402 2230 ἐσται
425 2164 487 2229 κάν
511 2172 640 2250 συνθῇς
662 2167 702 2229 τά
726 2168 761 2248 ιβ
782 2163 837 2230 καὶ
860 2166 900 2229 τδι
923 2186 952 2249 ς,
976 2165 996 2230 δ
1015 2168 1163 2248 γίγνεται

152 2295 193 2354 ιη.
240 2265 287 2335 ὧν
318 2271 420 2354 ἡμισυ
452 2272 564 2353 λαβὼν
598 2268 650 2335 ἐπὶ
679 2272 718 2335 τδι
746 2280 803 2354 τὴς
829 2270 974 2336 καθέτου
1001 2275 1163 2356 ποιησεις·

151 2380 298 2459 γίγνεται
322 2377 442 2461 δμοίως
465 2378 516 2441 νδ.
1176 2398 1205 2436 εο

218 2488 267 2548 λα.
300 2485 341 2548 θλ
364 2480 401 2548 δέ
420 2482 654 2568 ἀκριβέστερον
673 2482 857 2567 ἐζητηκότες
880 2483 1095 2570 προστιθέασι
1116 2493 1163 2572 τῷ

151 2589 311 2678 είρημένφ
336 2589 466 2676 ἐμβαδβ
489 2599 550 2655 τοῦ
572 2593 736 2674 τμὴματος
757 2588 760 2677 ἡ
781 2592 818 2655 τὸ
838 2588 884 2655 ιδ’
903 2588 1001 2677 μέρος
1019 2600 1079 2656 τοῦ
1098 2591 1162 2656 άπὸ

149 2707 207 2781 τῆς
225 2695 374 2781 ἡμισείας
392 2706 450 2780 τὴς
468 2696 601 2781 βάσεως.
635 2692 727 2763 οὗτοι
747 2698 788 2781 δὴ
805 2707 844 2783 τῇ
869 2695 963 2784 ἑτέρᾳ
984 2701 1162 2781 φαίνονται

149 2804 413 2887 ἠκολουθηκότες
439 2802 566 2891 ε’φόδφ,
593 2802 668 2869 καθ’
701 2803 744 2887 ἡν
770 2803 790 2886 ἡ
822 2812 883 2869 τοῦ
915 2803 1040 2869 κύκλου
1072 2825 1162 2888 περι-

151 2908 266 2995 φέρεια
292 2914 469 2995 τριπλασία
497 2909 565 2976 ἐστὶ
593 2919 651 2994 τὴς
678 2910 855 2996 διαμέτρου
878 2918 938 2975 τοῦ
961 2910 1085 2975 κύκλου
1107 2909 1161 2974 καὶ
1176 2929 1202 2968 ει

149 3024 196 3103 τῷ
226 3015 252 3096 ζ’
280 3015 371 3101 μέρει
397 3019 529 3100 μείζων·
575 3016 633 3081 ἐδιν
659 3018 722 3102 γάρ
751 3016 871 3101 δμοίως
897 3016 1163 3099 ὑποστησάμεθα

149 3124 212 3206 τὴν
223 3119 285 3208 μὸν
298 3126 364 3186 ΑΒ
379 3123 557 3208 διάμετρον
570 3123 728 3208 μονάδων
747 3125 791 3206 ιδ,
810 3124 870 3206 τὴν
884 3119 921 3187 δὲ
935 3125 1006 3186 ΔΓ
1019 3122 1163 3188 κάθετον

150 3233 180 3312 ζ,
208 3232 298 3294 ἐσται
330 3229 350 3313 ἡ
380 3228 573 3316 περιφέρεια
604 3238 663 3294 τοῦ
695 3228 892 3313 ἡμικυκλίου
925 3229 1081 3312 μονάδων
1108 3233 1163 3313 κβ·

152 3334 204 3402 ἐπὶ
228 3338 287 3403 τὸν
311 3340 337 3417 ζ·
366 3340 513 3420 γίγνεται
537 3338 616 3422 ρνδ.
654 3330 702 3400 ὧν
723 3336 824 3419 ἡμισυ
847 3338 994 3418 γίγνεται
1018 3337 1066 3414 οζ.
1107 3333 1162 3400 καὶ

150 3446 313 3510 τοσούτου
344 3445 381 3509 τὸ
411 3443 555 3528 ἐμβαδὸν
584 3452 644 3508 τοῦ
675 3441 872 3526 ἡμικυκλίου
905 3441 1162 3524 ἀποφαίνεσθαι.
1177 3461 1205 3502 ω

223 3567 360 3623 2ιούτουι
372 3583 439 3620 corr.
448 3570 508 3619 καθ
547 3563 638 3636 (τοῦ)
650 3560 761 3616 addidit
770 3568 830 3615 παλ
871 3562 1013 3630 ὅτοιύτην;
1025 3579 1092 3618 corr.
1101 3571 1162 3617 Μ
