2654 3868
183 177 249 240 220
318 177 469 231 ΗΡΩΝΟΣ
487 173 754 235 ΑΔΕΞΑΝΔΡΕΩΣ
773 178 861 228 ΠΕΡΙ
878 176 1063 228 ΔΙΟΠΤΡΔΣ

183 350 252 405 τῶν
273 340 385 404 ἄλλων
407 337 574 421 ἀκινήτων
595 340 780 422 μενόντων,
803 335 858 402 καὶ
880 337 1037 422 λαμβάνω
1062 347 1202 421 σημεῖον
1310 329 1312 364 ⁵

184 445 220 509 ἐν
243 454 312 520 τοῖς
334 445 418 530 πρὸς
440 443 524 528 ημᾶς
546 442 659 529 μέρεσι
682 445 718 509 τὸ
740 447 772 508 Γ
790 440 835 509 ε’π’
863 443 998 520 εὐθείας
1020 453 1089 520 τοῖς
1107 448 1150 527 Α,
1170 447 1200 508 Β
1312 469 1313 472 ’

182 555 345 636 κείμενον.
382 546 451 616 εἶτα
464 559 512 636 ’τῆ
532 553 601 616 ΒΓ
614 551 678 616 ἀπὸ
697 559 758 616 τοῦ
776 556 808 614 Α
827 551 910 635 πρὸς
928 550 1035 636 ὀρθὰς
1053 551 1123 631 ἄχει
1142 550 1200 614 διὰ

183 665 240 740 τῆς
263 657 422 742 διόπτρας
444 659 506 741 τῆν
524 662 604 740 ΑΔ,
626 655 682 722 καὶ
706 655 821 743 ἑτέραν
844 656 908 722 ἀπὸ
931 665 992 721 τοῦ
1012 658 1043 720 Γ
1061 656 1118 720 διὰ
1141 663 1201 738 τῆς

184 764 343 849 διόπτρας
364 765 426 847 τῆν
449 767 522 846 PE,
551 761 606 828 καὶ
629 765 751 847 ἔλαβον
773 761 819 829 ἐπ’
846 762 947 847 αὐτῆς
969 763 1072 846 τυχὸν
1094 763 1131 826 τὸ
1156 765 1198 826 E·
1229 780 1243 820 ι

183 865 238 933 καὶ
261 867 417 954 μεταθεὶς
442 871 504 953 τὴν
527 871 689 956 διόπτραν
716 871 800 956 πρὸς
823 871 861 935 τὸ
884 873 917 934 E
936 868 1117 952 κατέστησα
1138 867 1201 952 τὸν

183 978 323 1059 κανόνα,
356 977 439 1041 ὥστε
466 974 509 1040 δι’
541 975 645 1041 αὐτοῦ
674 985 821 1061 φανῆναι
848 977 885 1041 τὸ
908 979 937 1039 Β
966 983 1118 1059 σημεῖον,
1143 971 1201 1039 καὶ

183 1079 299 1166 ἕτερον
334 1080 389 1146 ἐπὶ
424 1092 482 1167 τῆς
516 1087 586 1147 ΑΔ
617 1084 654 1148 τὸ
682 1088 715 1147 Δ
747 1080 796 1147 ἐπ’
833 1082 968 1158 εὐθείας
998 1091 1069 1158 τοῖς
1098 1085 1138 1164 Β,
1161 1083 1200 1144 E.

184 1191 310 1269 γίνεται
338 1189 380 1272 βῆ
407 1192 574 1274 τρίγωνον
601 1191 639 1254 τὸ
667 1192 766 1255 ΒΓΕ
793 1190 1007 1275 παράλληλον
1034 1190 1112 1272 ἔχον
1138 1187 1202 1270 τῆν

185 1299 255 1358 ΑΛ
277 1304 316 1381 τῆ
341 1299 416 1359 PE·
446 1298 537 1360 ἔστιν
560 1298 624 1382 ἄρα
647 1297 691 1373 ὡς
713 1296 734 1380 ῆ
759 1299 822 1362 PE
842 1298 926 1383 πρὸς
948 1301 1028 1379 ΑΔ,
1051 1294 1157 1371 οὕτως
1178 1291 1244 1376 ῆιῡ

99 1575 103 1582 .
973 1538 992 1589 Δ
1107 1507 1133 1560 Ε

235 1540 1132 1992 ,ΔΓ

970 1975 998 2026 Α

644 2052 696 2102 Fig.
709 2053 742 2092 88.

188 2237 249 2299 ΓΒ
278 2233 362 2319 πρὸς
393 2236 473 2296 ΒΑ·
513 2229 640 2319 ἐχ[έτ]ω
673 2227 710 2296 δὲ
741 2231 801 2296 τὸν
832 2240 890 2316 τῆς
923 2235 987 2298 ΓΕ
1016 2233 1100 2318 πρὸς
1131 2239 1202 2297 ΑΔ

186 2343 289 2423 λόχον
311 2338 491 2422 ἐπιγνῶναι
520 2336 677 2423 ἑκατέραν
698 2335 815 2402 ἀὐτῶν
840 2340 1002 2425 μετρήσας
1023 2339 1107 2420 πρὸς
1129 2341 1202 2405 δια-

186 2447 304 2530 βήτην,
336 2446 380 2522 ὡς
406 2442 644 2530 προδέδεικται.
690 2446 772 2510 ἔστω
801 2439 878 2529 οὖν,
911 2447 941 2511 ελ
967 2445 1076 2529 τύχοι,
1104 2446 1201 2532 εὑρη-

186 2550 268 2637 μένη
290 2555 459 2634 πενταπλῆ
484 2549 504 2633 ῆ
530 2553 594 2614 PE
613 2560 671 2634 τῆς
694 2555 776 2614 ΑΛ·
804 2553 895 2616 ἔσται
923 2553 987 2638 ἄρα
1014 2551 1034 2635 ῆ
1058 2555 1126 2616 ΒΓ
1144 2562 1201 2638 τῆς

186 2663 254 2723 ΒΑ
281 2661 461 2740 πενταπλῆ·
498 2656 518 2739 ῆ
549 2658 614 2742 ἄρα
645 2659 711 2722 PA
737 2666 795 2741 τῆς
821 2662 887 2722 ΑΒ
915 2664 1087 2744 τετραπλῆ.
1137 2662 1200 2745 ἔχω
1216 2675 1242 2715 1⁵
1314 2683 1318 2710 ¹

188 2760 226 2830 δὲ
252 2771 409 2851 μετρῆσαι
438 2764 499 2846 τὴν
523 2764 592 2827 ΑΓ
618 2765 702 2849 πρὸς
733 2765 906 2849 ὃιαβῆτην·
940 2765 1023 2830 ὥστε
1056 2766 1202 2831 δυνατὸν

188 2871 369 2958 εὑρεθῆναι
390 2867 446 2935 καὶ
469 2871 531 2953 τῆν
549 2873 614 2934 ΑΒ
637 2871 720 2956 πρὸς
742 2871 914 2955 διαβῆτην,
936 2869 1033 2954 ῆλίκη
1057 2870 1156 2936 ἐστίν.

94 3023 116 3058 ε.
130 3012 171 3052 ειο
255 3001 289 3059 θ.
313 2998 473 3076 Ποταμοῦ
496 2988 679 3080 πλάτοςῖτὸ
703 2992 876 3077 ἐλάχιστον
899 2996 1029 3078 λαβεῖν,
1056 2996 1140 3076 πρὸς
1161 3004 1200 3081 τῆ

187 3107 247 3186 μιᾷ
270 3101 357 3184 ὄχθη
381 3100 487 3176 ὄντας.
533 3101 681 3164 ἔστωσαν
709 3100 743 3163 αλ
770 3107 830 3164 τοῦ
857 3109 1008 3183 ποταμοῦ
1037 3102 1136 3185 ὄχθαι
1167 3101 1201 3164 αλ

260 3333 347 3396 2τῆς
369 3330 430 3381 AB:
455 3325 562 3381 correxi
650 3326 760 3396 οπρὸς
781 3331 831 3398 τῷε
856 3325 962 3381 correxi
1049 3332 1080 3380 11
1106 3321 1201 3395 ἔχὲτωε

188 3398 295 3453 correxi
367 3403 473 3452 13-14
496 3395 523 3452 εἰ
539 3397 619 3466 τύχηι
641 3415 793 3466 ενραμενηε
814 3413 881 3452 corr,
897 3395 934 3450 Vi
1007 3402 1040 3452 18
1059 3417 1086 3451 τι
1105 3399 1149 3467 (ex
1167 3417 1200 3466 τη

188 3487 286 3524 rasura
312 3467 430 3540 factum)
458 3463 601 3538 ἐλάχιστον
629 3468 726 3538 λαβεῖν
748 3467 798 3521 καλ
820 3488 866 3538 τηε
894 3467 1014 3535 correxi3
1041 3466 1146 3530 πλάτος
1167 3476 1200 3538 τῆ

113 3539 308 3618 ‘ammoy
326 3543 422 3614 λαβεῖν
436 3539 474 3595 Vi
492 3536 658 3607 compendio
677 3539 811 3608 deceptus
880 3543 913 3592 19
932 3557 1024 3602 οντοςι
1044 3555 1113 3593 corr.
1129 3538 1166 3592 Vi
